3190 5114
383 1349 384 1354 t
463 1349 503 1446 L.
546 1309 790 1447 russeus
831 1351 1037 1450 scucos.

410 1821 606 1884 cumeorum
625 1821 707 1884 usin
724 1823 748 1894 Ι,
768 1822 793 1882 S.
812 1820 851 1883 ot
868 1819 1100 1884 recticulum)
1199 1805 1202 1809 ¹

305 2055 338 2121 G.
377 2062 414 2135 4,
453 2058 511 2122 15:
548 2061 645 2122 Nullo
676 2053 872 2143 [Germanis]
906 2059 1082 2134 domicilio,
1116 2060 1239 2122 nullae-

260 2194 319 2254 que
349 2177 434 2236 sedes
457 2159 553 2252 sunt,
587 2178 653 2236 nisi
675 2194 753 2254 quos
776 2175 929 2236 lassitudo
952 2177 987 2234 in
1010 2176 1096 2236 diem
1109 2179 1237 2254 posuit,

261 2287 333 2348 uilis
376 2294 405 2350 et
445 2291 495 2349 hic
530 2290 730 2368 quaerendus
771 2307 876 2349 manu
916 2290 1038 2364 uictus,
1079 2290 1239 2350 horrendo

261 2407 416 2484 iniquitas
441 2406 533 2481 coeli,
553 2409 672 2467 intecto
694 2423 834 2484 corporo.
850 2440 891 2448 -
904 2399 965 2465 Pro
976 2407 1027 2466 hio
1038 2408 1239 2491 quaerendus

261 2517 382 2604 corrige
414 2522 635 2601 acquirendus.
682 2514 879 2601 Aequirendi
904 2515 1033 2580 verbum
1056 2517 1238 2601 saepissime
1323 2596 1325 2602 y

260 2631 464 2696 valeimulto
486 2631 591 2696 labore
614 2630 734 2714 aliquid
755 2651 873 2715 parcre.
899 2628 946 2694 Of.
970 2630 1042 2695 Tac.
1067 2627 1152 2696 Amr.
1177 2634 1238 2710 12,

261 2749 317 2823 21;
344 2749 400 2827 15,
425 2748 485 2824 37;
511 2750 569 2826 16,
597 2748 656 2822 17;
676 2745 760 2810 Hist.
789 2749 825 2825 l,
853 2746 902 2810 17.

270 2924 272 2928 ,
303 2858 336 2925 O.
362 2863 392 2938 6,
417 2862 454 2924 9:
478 2866 586 2943 ipsum
608 2863 689 2924 illud
711 2865 793 2942 quod
816 2869 947 2924 uocatur
960 2865 1090 2924 mori...
1115 2865 1239 2927 breuius

260 2985 325 3053 est,
359 2997 458 3058 quom
491 2985 528 3039 ut
560 2980 674 3039 sentiri
711 2985 805 3040 tonto
840 2980 985 3042 uelocitas
1017 2974 1139 3059 possit:
1174 2985 1239 3070 siue
1272 2978 1275 2984 ’

258 3096 368 3172 fauces
401 3096 503 3156 nodus
537 3095 639 3169 elisit,
674 3099 738 3157 sive
761 3099 996 3176 spiramentum
1027 3117 1112 3177 aquo
1143 3118 1238 3177 proe-

259 3213 371 3288 clusit,
406 3214 471 3273 siue
494 3214 529 3272 in
552 3219 649 3292 coput
670 3212 774 3292 lapsos
809 3215 999 3275 subiacentis
1033 3214 1091 3274 soli
1113 3216 1239 3276 duritia

260 3330 460 3403 comminuit,
483 3331 548 3390 sive
563 3331 698 3392 haustus
711 3333 794 3409 ipnis
806 3350 936 3392 cursum
950 3333 1081 3391 animae
1091 3351 1238 3393 remeun-

259 3448 300 3506 tis
327 3448 507 3508 interscidit
529 3451 598 3507 cett.
626 3482 666 3491 —
689 3441 855 3528 Nusquam
878 3444 984 3528 legere
1006 3464 1057 3507 me
1083 3444 1237 3524 memini,
1345 3535 1347 3542 Ι

258 3560 395 3644 aliquem
428 3560 513 3644 ignis
536 3560 651 3623 haustu
684 3562 818 3624 moriem
840 3559 902 3624 sibi
932 3559 1130 3624 conscivisse.
1177 3557 1238 3623 Sed

258 3678 335 3741 sciis
358 3697 511 3761 superque
533 3679 644 3740 uotum
667 3679 725 3753 esi,
749 3677 938 3762 sanguinem
959 3679 1129 3754 taurorum,
1153 3677 1236 3759 quia,

258 3794 295 3855 ut
316 3789 441 3855 Plinius
463 3789 516 3876 (Η.
541 3787 581 3853 N.
615 3792 666 3869 ll,
689 3790 745 3875 90)
768 3791 823 3869 ait,
848 3791 1010 3855 celerrime
1033 3793 1120 3854 coeat
1142 3794 1236 3875 atque

259 3909 424 3984 durescat,
466 3905 652 3991 pestiferum
690 3908 767 3991 potu
801 3906 951 3971 habitum·
978 3929 1065 3985 esse,
1107 3907 1235 3990 eiusque

259 4025 374 4088 haustu
396 4024 429 4087 et
450 4022 699 4088 Psammenitum
720 4023 847 4111 (Herod.
876 4021 934 4101 ΠΙ,
961 4023 1015 4108 15)
1038 4029 1071 4089 et
1093 4028 1235 4095 Themis·

291 4257 298 4279 ¹
328 4259 357 4309 L.
376 4259 467 4308 Annaei
488 4259 588 4310 Senecae
606 4274 678 4326 opere
694 4259 732 4310 cd.
753 4260 781 4310 1¹.
802 4259 890 4322 Haase,
908 4262 1004 4330 Lipsiae
1022 4263 1095 4314 1852.
