3190 5114
731 500 764 543 lx

265 682 384 762 Lipsiae
405 682 484 763 apud
506 680 699 741 Teubnerum
721 679 849 760 prodiit,
872 697 949 759 quae
966 679 1022 738 etsi
1036 679 1140 739 multis
1153 678 1247 738 rebus

261 837 352 897 laude
375 834 552 915 dignissima
571 835 638 894 iure
660 833 795 907 ducitur,
818 840 920 893 tamen
941 850 1002 892 non
1022 849 1118 912 pauca
1136 831 1246 892 menda

262 990 420 1052 continere
451 985 528 1048 niihi
558 986 734 1060 videbatur,
767 1003 845 1065 quae
878 973 1024 1046 editorem
1054 983 1159 1063 fugere
1184 1000 1245 1042 non

260 1144 442 1216 debuerant,
474 1159 543 1203 eum
576 1139 745 1210 dumtaxat,
781 1136 836 1216 qui
867 1154 972 1196 sanam
1002 1134 1154 1195 rationem
1182 1151 1245 1194 rec-

262 1307 392 1380 tumque
424 1297 571 1360 iudicium·
591 1295 687 1377 pluris
708 1295 795 1370 facit,
828 1313 919 1375 quam
940 1292 1077 1354 codicum
1097 1291 1244 1353 lubricam

263 1465 353 1528 saepe
384 1454 415 1507 et
445 1446 594 1508 incertam
627 1446 850 1506 auctoritatem.
892 1443 996 1503 Prima
1015 1440 1137 1521 quidem
1158 1440 1246 1502 lectio
1319 1466 1322 1472 ·

260 1607 324 1660 tam
356 1599 483 1660 uberem
516 1596 758 1657 adversariorum
780 1595 864 1655 dedit
883 1600 1066 1674 proventum
1089 1591 1127 1653 ad
1146 1559 1241 1665 locos,

169 1741 178 1771 ‘'
266 1769 340 1830 quos
373 1748 583 1810 emendatione
612 1749 660 1810 vel
691 1749 824 1810 maxime
854 1747 991 1826 indigere
1018 1744 1176 1827 opinabar,
1208 1750 1245 1803 ut

262 1902 340 1963 actis
361 1901 512 1962 luculento
534 1900 635 1962 libello
654 1901 808 1981 implendo
827 1900 892 1961 fere
905 1899 1044 1960 sufficere
1059 1897 1244 1958 viderentur.

264 2056 333 2117 Non
355 2062 457 2116 tamen
479 2073 515 2115 eo
535 2055 666 2135 processi
687 2053 885 2128 temeritatis,
917 2059 951 2114 ut
972 2051 1130 2113 collectam
1150 2057 1245 2110 mate

122 2277 125 2284 Δ
209 2283 215 2290 .
263 2211 341 2272 riem
363 2210 506 2270 continuo
527 2210 691 2289 vulgarem.
716 2209 813 2269 Immo
834 2208 930 2268 satius
945 2223 1010 2267 esse
1025 2206 1097 2266 duxi
1111 2205 1246 2266 Fickerti

264 2360 428 2422 editionem
457 2359 620 2440 inspicere,
653 2359 684 2420 in
710 2377 770 2438 qua
790 2366 855 2420 tam
875 2358 973 2419 uarias
992 2356 1130 2419 codicum
1150 2355 1244 2436 scrip-

261 2517 361 2583 turas,
394 2528 486 2589 quam
518 2509 705 2571 coniecturas
727 2509 884 2571 doctorum
905 2515 1064 2570 annotatas
1085 2525 1150 2568 esse
1170 2506 1244 2567 scie·

259 2657 340 2719 bum.
384 2659 470 2721 Tunc
501 2660 613 2720 iterum
644 2659 706 2720 vidi
739 2659 821 2720 aliud
851 2679 916 2720 esse
946 2655 1065 2740 antiqui
1088 2659 1244 2740 scriptoris

260 2812 428 2874 editionem
450 2830 572 2885 curare,
594 2813 676 2873 aliud
697 2815 754 2874 hoo
775 2831 873 2891 agere,
894 2820 930 2873 ut
951 2829 1041 2890 quam
1063 2809 1244 2870 emendatis-

261 2966 337 3026 sime
359 2966 488 3046 prodeat-
508 2964 540 3024 in
560 2965 672 3037 lucem,
694 2983 729 3024 ao
748 2982 787 3024 ne
808 2963 952 3024 Haasium
974 2963 1096 3042 quidem
1110 2961 1245 3042 -quod

260 3134 332 3197 pace
366 3115 447 3176 tanti
481 3113 538 3176 viri
569 3112 686 3175 dictum
717 3113 817 3174 sit-
838 3131 959 3174 omnem
990 3110 1243 3193 vituperationem

260 3268 437 3342 evitavisse,
472 3268 505 3327 in
537 3286 628 3346 quam
660 3268 812 3328 editorum
842 3267 923 3327 haud
954 3266 1080 3345 exiguus
1100 3282 1243 3327 numerus

258 3420 394 3482 incidere
414 3421 529 3496 soleat,
567 3423 637 3501 qui,
661 3375 779 3483 etiamsi
799 3422 927 3482 meliora
946 3421 1101 3486 interdum
1120 3422 1242 3495 vident,

258 3575 362 3631 tamen
398 3571 550 3632 deteriora
575 3571 694 3652 saepius
715 3579 894 3651 sequuntur.
932 3571 980 3632 ·At
999 3571 1089 3632 simul
1109 3571 1243 3632 Fickerti

257 3722 390 3783 editione
423 3723 544 3803 cognita
564 3742 641 3784 vano
661 3743 711 3786 me
732 3725 868 3804 falsoque
889 3721 1110 3802 quodammodo
1130 3721 1241 3800 gaudio

256 3871 453 3938 exsultavisse
474 3872 618 3933 intellexi.
651 3873 728 3934 Ecce
748 3873 843 3948 enim,
865 3874 953 3951 longe
972 3872 1118 3933 maiorem
1140 3888 1240 3931 emen-

257 4025 416 4087 dationum
449 4033 583 4107 partem,
616 4010 806 4105 quas'uimia
825 4025 886 4086 mei
908 4024 1135 4099 aestimatione,
1167 4041 1238 4104 pue-

255 4177 352 4240 riliter
377 4197 450 4239 sane
470 4179 592 4254 ductus,
614 4199 664 4240 me
684 4180 817 4260 primurn
838 4178 943 4240 fecisse
964 4178 1104 4258 opinatus
1126 4194 1235 4252 essem,

255 4329 316 4392 iam
350 4331 422 4392 olim
452 4332 586 4394 virorum
620 4333 779 4395 doctorum
800 4333 936 4396 sollertia
955 4332 1050 4394 tactas
1071 4349 1135 4393 esse
1155 4331 1236 4406 vidi,
