3190 5114
711 561 753 622 83

242 783 317 826 cam
351 767 525 843 superioris
560 767 657 825 etiam
689 765 813 825 ordinis
835 765 985 826 aoaaalli
1007 769 1133 827 ratiorte
1152 787 1228 846 per-

212 917 215 924 *
246 884 325 942 moti
361 882 561 941 manendam
597 901 631 941 eo
659 882 722 942 loeo
745 888 776 942 et
798 901 867 942 rem
888 881 1008 961 proelio
1030 885 1229 943 committeri-

244 998 321 1058 dam
352 999 586 1058 eaistiraareat.
636 997 755 1057 Contra
780 996 896 1057 Caesar
918 1017 1018 1077 aeqae
1040 1000 1118 1058 satis
1141 999 1229 1058 milt-

244 1115 327 1174 tibas
357 1116 540 1192 perterritis
573 1114 764 1193 confidebat,
796 1117 1000 1194 spatiataque
1022 1118 1229 1193 iaterpoaea-

244 1228 323 1288 dam
361 1229 404 1286 ad
438 1231 626 1289 recreandos
662 1231 787 1289 caimos
819 1230 973 1308 patabat,
1010 1233 1040 1289 et
1071 1235 1226 1292 retiati·

243 1352 526 1410 munitionibus
552 1366 799 1421 manuopera
833 1347 881 1404 rei
916 1346 1156 1422 frumentariae
1188 1346 1229 1403 ti-

242 1460 355 1520 mebat.
376 1493 420 1503 -
435 1454 503 1518 Iam
525 1452 565 1516 D.
590 1453 724 1517 Vossius
746 1453 786 1516 ad
809 1454 895 1518 hunc
917 1454 1021 1518 locum
1043 1455 1227 1519 annotavit:
1335 1499 1336 1504 η

246 1568 439 1653 »Nunquam
462 1570 507 1632 ita
531 1570 701 1653 scripserat
724 1567 856 1645 Caesam
880 1591 955 1633 nam
980 1571 1101 1634 certum
1121 1569 1228 1633 estad

244 1685 456 1769 Dyrrachium
479 1687 623 1749 manenti
646 1686 848 1749 metuendam
872 1686 969 1750 tuisse
988 1687 1113 1750 famem.
1138 1685 1228 1750 Ideo-

242 1819 304 1884 que
337 1801 399 1863 alia
434 1801 501 1865 loca
535 1800 672 1884 petenda
696 1801 819 1864 erant.’'
865 1798 911 1864 At
932 1822 997 1865 non
1020 1803 1089 1865 viro
1112 1801 1229 1866 doctis-

243 1915 323 1978 simo
366 1916 503 2000 contigit
538 1916 586 1979 ita
621 1916 725 1980 locum
763 1919 945 2000 corruptum
980 1938 1133 2001 purgare,
1174 1919 1227 1996 ut,

242 2049 338 2113 quam
379 2031 585 2096 indicavisset
624 2031 861 2109 difficultatem,
904 2031 1120 2122 aliquatenus.
1137 2031 1229 2094 tolle-

243 2147 301 2208 ret.
348 2142 425 2208 Post
457 2165 530 2208 eum
560 2139 713 2228 permulti
748 2143 884 2208 editores
916 2145 1043 2229 ingenti
1064 2144 1169 2209 labore
1192 2166 1229 2209 ac

245 2261 349 2325 studio
384 2261 554 2326 lectionem
589 2261 753 2345 vulgatam
786 2261 871 2325 tueri
905 2263 1117 2326 conati-sunt.
1167 2260 1229 2336 Qui
1272 2341 1274 2347 y

243 2382 353 2443 tamen
386 2400 496 2443 omnes
531 2399 658 2462 operam
692 2381 724 2442 et
747 2378 850 2443 oleum
872 2379 1045 2464 perdidisse
1068 2379 1227 2443 videntur.

243 2494 382 2558 Tantum
406 2495 503 2558 enim
536 2493 655 2572 abfuit,
691 2496 728 2557 ut
767 2467 889 2558 Caesar
915 2494 1061 2571 timeret,
1096 2514 1136 2557 ne
1159 2494 1229 2554 tum

244 2611 370 2674 demum
401 2611 555 2673 frumenti
590 2609 698 2690 inopia
732 2607 908 2685 laboraret,
942 2629 1040 2691 quum
1077 2605 1230 2669 munitio-

243 2741 301 2786 nes
347 2722 547 2804 reliquisset,
588 2724 625 2783 ut
666 2723 776 2785 contra
813 2721 891 2784 haec
929 2721 998 2804 ipsa
1035 2721 1142 2805 inopia
1179 2719 1230 2784 vel

243 2837 413 2922 praecipua
456 2857 549 2900 causa
585 2839 687 2915 esset,
725 2835 764 2900 ob
799 2857 893 2919 quam
929 2835 1124 2899 munitiones
1159 2834 1230 2898 illas

245 2967 339 3034 quam
376 2950 513 3033 primum
536 2949 715 3035 relinquere
739 2952 862 3014 statuit.
909 2948 1026 3014 Parum
1050 2951 1151 3035 igitur
1173 2949 1231 3013 du-

243 3066 333 3129 bium
366 3069 433 3144 est,
469 3066 548 3150 quin
583 3067 697 3130 vitiosa
731 3065 827 3130 lectio
862 3068 896 3131 in
925 3065 1022 3130 libros
1055 3067 1228 3150 irrepserit.

243 3180 290 3244 Ut
312 3183 419 3244 autem
442 3181 519 3264 quid
541 3203 575 3245 rc
598 3202 673 3245 vera
696 3182 773 3245 olim
798 3183 952 3266 scripturn
976 3183 1019 3245 sit
1041 3183 1228 3266 reperirem,

242 3298 363 3362 recurri
398 3297 438 3361 ad
473 3296 724 3362 Commentarios
760 3299 798 3362 de
821 3299 889 3362 vita
911 3298 936 3361 I.
963 3297 1123 3375 Caesaris,
1155 3299 1228 3382 qui,

243 3413 318 3476 olim
353 3412 430 3475 Iulii
466 3414 629 3477 cuiusdam
653 3413 738 3478 Celsi
760 3415 889 3479 nomine
913 3415 1108 3492 circumlati,
1142 3435 1228 3478 nunc

243 3529 409 3594 Petrarcae
444 3530 541 3614 vulgo
575 3530 771 3594 tribuuntur.
818 3531 858 3595 In
894 3531 944 3594 his
982 3552 1073 3614 saepe
1100 3552 1227 3616 prorsus

241 3648 368 3726 eadem,
404 3667 483 3731 quae
520 3647 604 3731 apud
638 3649 743 3732 ipsum
778 3646 942 3712 Caesarem
977 3647 1143 3732 leguntur,
1174 3648 1229 3711 sed

241 3759 368 3824 brevius
405 3761 590 3846 plerumque
625 3762 760 3845 scripte,
796 3762 903 3839 vides,
938 3763 984 3824 ita
1015 3764 1052 3823 ut
1074 3765 1227 3846 perpetua

243 3871 546 3940 Commentariorum
582 3874 782 3959 paraphrasis
816 3876 881 3938 fere
916 3873 980 3938 dici
1010 3875 1119 3956 possit.
1166 3872 1226 3937 Pe-

241 3990 345 4053 trarca
379 3995 501 4070 autem,
537 3992 587 4056 vel
622 3991 802 4076 quicunque
838 3989 925 4053 illius
960 3988 1062 4052 libelli
1092 3989 1226 4078 scriptor

241 4105 320 4183 tuit,
355 4106 436 4170 libro
458 4131 534 4172 usus
557 4131 624 4173 esse
648 4109 790 4185 videtur,
820 4107 992 4171 correctius
1016 4106 1151 4189 scripto,
1184 4107 1225 4168 iis
1275 4099 1279 4108 ’

241 4242 280 4284 ex
314 4221 427 4306 quibus
461 4227 564 4288 nostri
597 4225 728 4291 Codices
762 4227 941 4289 manarunt.
997 4222 1103 4286 Habet
1136 4224 1223 4289 enim

240 4331 405 4400 Petrarca:
440 4360 540 4420 aeque
568 4349 738 4420 praeterea
762 4351 831 4403 tara
855 4343 992 4418 hostem,
1027 4361 1126 4421 qaam
1148 4344 1222 4420 tra-
