3190 5114
700 553 725 588 h,
752 503 791 564 19

283 701 418 766 Iudaeus
457 701 581 787 Apella.
640 702 701 778 Qui
744 706 850 767 autem
887 703 1030 764 nostrum
1072 699 1123 762 vel
1168 698 1263 762 semel

283 822 377 904 atque
412 821 529 885 iterum
559 821 723 907 attigerit,
758 843 830 885 eum
864 841 929 883 non
962 818 1096 903 fugerit,
1136 817 1263 901 opinor,

283 955 377 1017 quam
411 937 527 1000 acriter
563 957 656 1020 saepe
691 937 835 1000 invehat*
857 936 891 1000 in
924 933 1099 997 historicos.
1146 929 1199 996 Sic
1221 930 1262 996 N.
1318 929 1321 935 ’

284 1047 318 1124 Q.
355 1049 388 1126 Ι,
426 1053 484 1128 ll,
520 1055 539 1114 2
575 1055 607 1115 et
641 1050 708 1130 lH,
743 1052 840 1136 praef.
874 1051 960 1115 5-7
994 1071 1102 1114 eorum
1135 1049 1265 1112 inutilia

284 1163 389 1227 studia
411 1165 700 1249 reprehenduntur,
725 1164 765 1230 N.
791 1165 826 1242 Q.
851 1164 914 1243 IV,
939 1169 973 1241 3,
999 1168 1015 1228 1
1040 1166 1141 1228 totam
1156 1183 1264 1228 eorum

283 1281 445 1345 nationem
479 1282 664 1346 mendaeem
700 1285 800 1347 vocat.
855 1281 937 1357 Quid
971 1281 1117 1345 universe
1152 1280 1189 1344 de
1224 1281 1263 1343 iis

283 1399 417 1462 senserit
451 1420 516 1464 non
550 1400 679 1463 aliunde
714 1400 829 1464 melius
863 1399 1010 1484 cognosci
1045 1401 1148 1482 potest
1170 1419 1264 1481 quam

283 1538 321 1580 ex
343 1514 384 1580 N.
410 1516 444 1592 Q.
470 1516 553 1596 VII,
580 1521 637 1596 16,
665 1521 700 1581 1:
750 1522 889 1593 Quidam
925 1516 1096 1601 [historici]
1127 1520 1264 1579 incredi-

282 1637 393 1697 bilium
428 1637 533 1696 relatu
568 1639 877 1697 commendationem
909 1642 1032 1714 parant
1067 1642 1096 1694 et
1119 1635 1264 1695 lectorem

284 1750 374 1810 aliud
396 1756 561 1838 acturum,
585 1754 613 1811 si
633 1772 692 1830 per
716 1753 879 1812 cotidiana
899 1753 1085 1824 duceretur,
1108 1741 1264 1811 miraculo

283 1867 433 1926 eucitant.
461 1869 595 1952 quidam
631 1869 768 1943 creduli,
804 1871 936 1951 quidam
960 1869 1154 1947 neqleqentes
1178 1873 1263 1927 sunt.

282 1977 380 2043 Vides
415 1981 517 2064 igitur
552 2003 621 2044 eum
656 1982 822 2046 historicos
845 2004 909 2046 non
932 1982 1045 2046 leviter
1069 1980 1265 2044 credulitatis

281 2116 421 2178 arguere.
454 2094 543 2159 Idem
567 2097 635 2160 sine
658 2098 754 2163 dubio
776 2099 854 2162 fecit
876 2099 936 2163 hoc
958 2120 1051 2182 quem
1066 2098 1176 2162 notavi
1187 2097 1263 2161 loco.

282 2208 491 2284 Quamobrem
524 2213 574 2277 vel
606 2215 708 2278 invita
731 2215 874 2279 codicum
897 2216 1085 2279 auctoritaie
1109 2205 1266 2298 corrigere

282 2328 392 2391 velim:
413 2334 494 2394 banc
517 2335 659 2395 historici
682 2354 815 2418 quoque,
839 2337 970 2396 credula
981 2338 1087 2402 natio,
1112 2336 1267 2396 dixerunt

281 2468 346 2509 non
369 2453 497 2510 moueri.
545 2448 634 2513 Tunc
657 2449 784 2514 demum
809 2451 994 2534 intelleges,
1018 2472 1114 2534 quare
1138 2450 1172 2512 in
1195 2469 1267 2531 pro-

281 2565 366 2627 xime
397 2565 600 2648 sequentibus
623 2589 688 2631 non
711 2566 889 2651 philosophi
912 2567 1070 2632 nominati
1092 2566 1178 2643 sint,
1212 2563 1268 2628 sed

280 2681 502 2746 historicorum
537 2682 642 2746 nobile
677 2704 734 2765 par
764 2682 961 2770 Thucydides
985 2685 1017 2745 et
1040 2679 1266 2756 Callisthenes,

281 2798 397 2882 quippe
412 2820 545 2882 quorum
557 2799 657 2862 relata
672 2799 898 2882 quodammodo
913 2822 931 2862 a
944 2800 1040 2883 vulgo
1053 2798 1264 2872 discesserint.

326 2914 360 2977 (l.
386 2914 445 2991 27,
470 2918 499 2977 2.
546 2919 698 2978 Diuimus
730 2919 826 3003 solere
855 2926 926 2998 post
948 2939 1079 2998 maqnos
1103 2925 1267 2979 terrarum

282 3041 386 3095 motus
417 3034 637 3112 pestilentiam
671 3037 760 3113 fieri,
794 3056 851 3096 nec
880 3037 914 3096 iol
938 3039 1061 3097 mirum
1084 3043 1138 3096 est.
1162 3037 1267 3096 multa

283 3154 368 3211 euim
402 3152 572 3228 mortifera
607 3155 642 3211 in
677 3152 740 3212 alto
777 3152 898 3213 latent:
934 3173 989 3212 aer
1024 3155 1105 3231 ipse,
1142 3153 1197 3233 qui
1219 3151 1266 3211 uel

282 3274 445 3327 terrarum
462 3311 464 3315 Α
479 3266 574 3344 culpa
601 3268 648 3327 uel
668 3270 804 3346 pipritia
828 3275 860 3328 et
881 3274 1013 3345 aeterna
1036 3272 1125 3326 noete
1148 3271 1265 3342 torpes-

283 3387 341 3457 cit,
364 3386 471 3462 prauis
494 3384 717 3445 haurientibus
742 3393 787 3446 est
810 3386 857 3445 uel
879 3391 1046 3463 corruptus
1063 3386 1266 3443 internorum

198 3551 200 3556 .
283 3502 409 3579 ipnium
443 3501 536 3572 uitio,
573 3521 646 3562 eum
681 3509 726 3562 est
761 3503 850 3581 lonqo
874 3505 938 3563 situ
962 3505 1110 3575 emissus,
1142 3521 1266 3579 purum

283 3621 368 3679 buno
402 3620 623 3704 liquidumque
658 3621 801 3681 maculat
837 3641 874 3680 ac
905 3621 1021 3699 polluit
1044 3623 1267 3700 insuetumque

283 3737 468 3799 ducentibus
492 3740 646 3818 spiritum
662 3739 771 3815 adfert
786 3756 869 3797 noua
883 3756 1001 3816 penora
1015 3736 1205 3797 morborum.
1225 3770 1265 3778 —

282 3846 370 3912 Haec
392 3871 457 3914 non
481 3851 558 3914 satis
582 3849 744 3933 intellego.
781 3849 959 3912 Emendare
982 3848 1041 3913 hoc
1056 3847 1147 3912 modo
1162 3847 1266 3910 locum

284 3967 415 4027 conatus
439 3987 525 4042 sum3
561 3987 639 4030 num
662 3967 764 4041 recte,
790 3964 919 4029 videant
942 3986 992 4027 me
1015 3963 1187 4027 acutiores:
1211 3985 1267 4024 aer

284 4087 366 4162 ipse,
406 4088 461 4166 qui
500 4086 547 4145 ael
584 4091 749 4164 terrorum
782 4087 876 4164 culpa
910 4085 956 4144 uel
987 4085 1124 4162 pipritia
1158 4101 1214 4144 sua
1232 4090 1267 4145 et

284 4206 417 4258 aeterna
440 4205 529 4260 noete
553 4203 718 4279 torpescit,
742 4203 848 4278 prauis
871 4198 1093 4261 haurientibus
1116 4203 1177 4272 est,
1202 4198 1265 4271 uel,

284 4318 455 4391 corruptus
480 4315 684 4389 infernorum
708 4317 836 4392 ianium
859 4318 935 4376 uitio
958 4333 1032 4376 cum
1055 4319 1100 4374 est
1122 4312 1155 4372 et
1177 4314 1266 4391 leupo
