3190 5114
747 501 787 564 17

232 755 239 770 .
318 709 351 773 O.
388 709 448 786 49,
485 711 501 771 1
536 710 762 771 enumerantur
784 708 947 793 fulgurum
969 713 1115 789 nomina,
1149 713 1254 796 qualia

273 849 292 890 a
314 826 473 892 Caecinna
495 826 598 911 posita
620 829 737 902 essent3
769 828 854 890 inter
876 829 952 893 haec
971 833 1255 894 commemorantur

269 946 441 1026 pestifera,
475 965 553 1024 qnae
587 951 710 1006 nortem
746 946 935 1024 ceciliamque
966 949 1173 1028 portendunt.
1210 981 1251 1024 5-

271 1057 340 1122 Aut
362 1059 506 1142 equidem
528 1059 634 1136 fallor,
659 1061 715 1121 aut
738 1063 935 1141 exitiumque
957 1062 1074 1145 corrigi
1096 1063 1228 1145 oportet.

315 1173 378 1252 ΙΠ,
401 1174 478 1258 prol.
505 1177 538 1238 6:
565 1178 839 1251 Quemadmodum
862 1179 1026 1239 Hannibal
1050 1182 1253 1259 superiecerit

270 1295 363 1373 Alpes
379 1295 530 1354 scribunt.
547 1294 818 1373 quemadmodum
832 1295 1059 1372 confirmatum
1076 1297 1254 1374 Hispaniae

271 1412 410 1473 cladibus
443 1411 559 1471 bellum
593 1411 708 1470 Italiae
742 1413 929 1489 inopinatus
952 1413 1100 1473 imulerit
1124 1415 1253 1490 fractis·
1331 1477 1338 1490 ,

270 1546 329 1606 que
355 1527 445 1586 rebus
469 1532 590 1605 etpost
616 1525 840 1603 Cartliaqinem
861 1530 1016 1604 pertinax
1038 1548 1124 1606 repes
1145 1548 1254 1606 perer-

271 1643 391 1701 rauerit
409 1643 521 1702 ducem
534 1644 740 1720 promittens,
764 1645 940 1704 accercitum
954 1650 1074 1722 petens.
1090 1679 1131 1688 —-
1145 1639 1254 1724 Suspi-

273 1771 324 1814 cor
359 1752 536 1835 antiquitus
569 1754 723 1836 scriptum
758 1754 854 1818 fuisse
878 1764 907 1817 et
930 1765 1002 1836 post
1028 1757 1254 1837 Carthapinem

269 1873 432 1949 perditam
467 1875 642 1952 pertinace,
679 1871 814 1934 alterum
849 1874 955 1934 autem
990 1871 1178 1936 vocabulum
1215 1871 1254 1935 ob
1301 1910 1302 1914 =

271 1985 434 2067 sequentis
458 1985 703 2049 similitudinem
725 1986 848 2050 librarii
871 1987 1010 2051 socordia
1033 1987 1202 2051 interiisse.

315 2099 348 2163 O.
375 2101 409 2177 5,
436 2103 471 2163 1:
507 2105 645 2176 Quidam
668 2106 815 2164 indicant
838 2111 959 2165 terram
983 2107 1132 2183 quicquid
1155 2125 1253 2185 aqna-

272 2237 346 2278 rnm
381 2220 486 2278 emisit
523 2238 636 2279 rnrsus
670 2223 811 2299 accipere
845 2227 874 2302 et
909 2222 943 2280 ob
977 2223 1033 2281 hoc
1067 2240 1124 2281 nee
1146 2224 1255 2281 maria

272 2355 422 2409 erescere,
449 2337 534 2414 qnia
566 2338 649 2414 qnod
682 2339 817 2416 influxit
840 2357 905 2396 non
928 2340 964 2396 in
988 2356 1083 2398 snum
1107 2344 1253 2412 vertunt,
1314 2329 1318 2337 ’

272 2451 325 2509 sed
345 2451 495 2528 protinus
518 2451 667 2511 reddunt.
687 2487 726 2496 -
741 2449 793 2512 En
816 2449 931 2513 iterum
946 2450 1050 2513 locum
1062 2449 1174 2527 habes,
1198 2451 1254 2535 qui

273 2562 423 2627 vocabulo
448 2563 552 2628 exciso
576 2566 742 2647 corruptus
765 2563 900 2628 videtur.
947 2564 1029 2629 Vide
1054 2566 1113 2643 sis,
1137 2587 1179 2630 an
1190 2588 1255 2632 non

272 2685 307 2743 in
330 2703 426 2745 nsum
449 2704 545 2745 snum
568 2681 801 2745 restituendum
825 2683 876 2744 sit.

315 2795 373 2860 IV.
400 2800 435 2869 2,
462 2799 518 2861 10:
554 2801 648 2861 Nilne
662 2846 669 2860 .
684 2845 691 2860 .
707 2846 736 2860 ..
761 2803 838 2860 adeo
862 2801 944 2860 nihil
962 2803 1073 2872 ,enedit
1089 2823 1147 2863 nec
1161 2805 1255 2864 abra·

271 2915 335 2988 du,
370 2921 408 2974 nt
442 2921 553 2974 contra
587 2916 707 2975 adiciat
741 2919 823 2976 vires
854 2917 1055 2994 nimiumque
1078 2920 1114 2977 in
1137 2939 1170 2980 eo
1195 2922 1253 2995 sit,

273 3033 354 3110 qnod
388 3032 489 3092 solnm
523 3039 688 3110 temperat.
718 3069 751 3077 —
779 3029 866 3094 Haec
902 3033 988 3096 omni
1023 3055 1116 3097 sensu
1149 3056 1254 3099 carere

149 3194 152 3200 ,
268 3166 379 3222 nemo,
413 3145 542 3228 opinor,
577 3166 642 3208 non
665 3145 761 3209 videt.
808 3143 902 3224 Noli,
926 3169 1059 3230 quaeso,
1083 3149 1254 3233 quidquam

273 3262 396 3326 credere
431 3259 508 3326 viris
542 3261 660 3339 doctis,
695 3263 751 3346 qui
777 3284 842 3326 non
865 3265 1055 3346 nimiumque
1078 3265 1132 3328 sed
1155 3270 1254 3328 mini-

272 3399 423 3459 mumque
445 3376 597 3441 Senecam
621 3379 784 3461 scripsisse
800 3379 986 3461 persuadere
1010 3380 1071 3443 tibi
1090 3384 1252 3445 conantur.

273 3489 355 3554 Vide
378 3492 501 3575 potius,
526 3514 567 3554 an
589 3513 655 3556 non
677 3496 854 3574 fimumque
877 3515 951 3557 vera
973 3494 1068 3558 lectio
1092 3495 1143 3558 sit.

316 3606 349 3672 O.
378 3611 433 3685 11,
461 3612 498 3672 3:
546 3612 635 3695 Pilae
666 3615 848 3691 proprietas
884 3620 928 3674 est
963 3635 1036 3675 cum
1060 3616 1254 3693 aequalitate
1287 3588 1290 3593 Ι

272 3728 413 3806 quadam
436 3727 627 3786 rotunditas.
653 3727 880 3804 aequalitatem
903 3735 1012 3789 antem
1033 3732 1138 3808 accipe
1155 3731 1253 3804 hanc,

272 3865 369 3924 qnam
392 3847 478 3906 vides
502 3848 538 3904 in
561 3845 681 3904 lusoria
704 3844 780 3922 pila.
805 3863 870 3904 non
893 3846 1034 3907 multum
1049 3847 1097 3906 illi
1109 3850 1254 3908 commis-

273 3982 368 4023 surae
402 3969 432 4022 et
468 3964 573 4021 rimae
596 3980 711 4020 earnm
734 3966 864 4034 nocent,
897 3981 956 4039 quo
979 3965 1089 4024 minus
1109 3983 1173 4042 par
1196 3966 1254 4025 sibi

272 4081 310 4138 ab
334 4083 421 4140 omni
441 4085 536 4158 parte
559 4078 695 4138 dicatur.
713 4071 855 4138 -Scire
879 4076 972 4158 cupio
995 4099 1013 4139 a
1036 4077 1113 4140 viris
1136 4077 1252 4158 doctis,

272 4195 328 4278 qui
361 4216 380 4256 a
414 4193 556 4257 codicum
591 4193 779 4257 auctoritate
802 4193 852 4257 vel
875 4197 1090 4259 transversum
1113 4218 1253 4282 unguem

273 4309 433 4373 discedere
467 4310 633 4385 verentur,
668 4309 744 4390 quid
779 4310 930 4374 faciamus
963 4311 993 4376 h.
1026 4313 1046 4375 l.
1073 4336 1101 4377 v.
1135 4337 1251 4380 earnm.

1100 4431 1119 4491 3
