3190 5114
828 492 848 534 X

357 687 543 748 quamquam
564 688 656 749 prava
676 669 826 733 editorum
847 673 1014 752 pertinacia
1033 673 1064 733 in
1083 673 1176 735 libros
1196 675 1330 736 nondum

350 831 490 904 receptae
523 832 618 885 erant.
661 823 719 886 Ubi
748 826 945 888 laetissimam
967 845 1094 888 messem
1115 846 1164 887 me
1184 826 1335 888 facturum

353 991 565 1054 speraveram,
602 978 644 1038 ibi
678 979 795 1059 singula
825 982 908 1041 velut
941 971 1025 1060 spica
1052 979 1158 1041 relicta
1187 978 1334 1040 videbam.

351 1124 419 1186 Non
454 1134 557 1189 tamen
589 1128 664 1190 haec
694 1130 854 1192 frustratio
885 1150 903 1192 a
936 1130 1059 1192 consilio
1080 1131 1173 1192 semel
1194 1136 1332 1211 suscepto

353 1279 512 1343 deterrere
543 1302 593 1344 me
624 1285 739 1365 potuit,
770 1286 914 1347 nonnulla
938 1287 977 1347 ad
998 1285 1141 1347 Senecam
1163 1283 1335 1346 adversaria

278 1453 281 1460 ’
351 1434 521 1497 emittendi.
565 1435 643 1498 Nam
681 1456 775 1516 quum
809 1456 908 1498 meam
940 1436 1111 1518 opinionem
1145 1445 1207 1498 tarn
1229 1437 1334 1498 multis

350 1590 424 1651 locis
455 1598 504 1652 tot
540 1591 674 1653 virorum
706 1611 755 1654 me
787 1593 971 1669 doctiorum,
1007 1593 1058 1672 qui
1079 1592 1158 1654 idem
1180 1592 1330 1672 videraut,

349 1743 532 1804 auctoritate
564 1745 772 1806 confirmatam
802 1745 957 1819 vidissem,
989 1746 1062 1806 levis
1084 1745 1174 1806 etiarn
1196 1762 1263 1825 spes
1284 1760 1333 1802 me
1430 1767 1431 1772 ¹

351 1893 493 1969 tenebat,
530 1895 610 1957 fore·
626 1902 663 1956 ut
692 1896 917 1958 intermiseras
938 1896 1048 1977 prioris
1068 1897 1170 1977 copiae
1191 1894 1333 1974 reliquias

350 2045 465 2126 aliquid
498 2047 605 2108 saltem
639 2056 821 2129 superesset,
853 2067 912 2109 non
937 2047 976 2108 ab
996 2047 1079 2108 omni
1098 2047 1226 2107 fortasse
1246 2053 1333 2127 parte

353 2198 596 2278 improbandum.
640 2198 723 2270 Quae
747 2200 864 2261 utinam
886 2219 946 2261 non
967 2200 1055 2281 plane
1075 2201 1114 2260 ad
1135 2218 1244 2260 vanum
1265 2198 1332 2258 irri-

347 2361 480 2450 tumque.
495 2353 668 2433 redigatur!

390 2505 535 2576 Quaestio
569 2515 671 2568 autern
707 2507 883 2584 oriebatur,
919 2529 978 2588 quo
1013 2508 1202 2590 potissimum
1238 2506 1328 2569 modo

346 2659 536 2741 propositum
567 2677 750 2740 peragerem.
792 2663 840 2725 Ita
869 2662 937 2744 prol
974 2662 1138 2744 philologia
1167 2663 1198 2722 in
1230 2662 1329 2742 patria

347 2826 452 2879 nostra
474 2821 631 2900 languere,
653 2822 716 2881 lere
737 2819 882 2894 dixerim,
905 2827 936 2879 et
956 2826 1078 2898 torpere
1091 2817 1225 2891 videtur,
1247 2824 1330 2878 utne

350 2974 558 3055 ephemerides
580 2974 717 3053 quidem,
739 2975 770 3034 in
792 2973 901 3052 quibus
915 2973 953 3033 de
967 2974 1162 3052 antiquarum
1173 2972 1328 3032 literarum

351 3127 521 3205 cognitione
552 3135 644 3206 atque
664 3126 781 3187 ratione
802 3134 923 3205 agatur,
958 3127 1016 3186 vim
1040 3128 1195 3220 acquirere
1215 3127 1331 3207 possint

349 3281 482 3342 vitalem.
513 3280 601 3352 Quod
621 3281 653 3341 ni
672 3280 717 3340 ita
737 3288 827 3355 esset,
852 3279 983 3340 virorum
1007 3281 1176 3354 doctorum,
1199 3281 1251 3358 qui
1264 3279 1330 3340 illas

349 3432 479 3494 edendas
511 3440 671 3507 curarent,
708 3431 819 3493 iudicio
852 3432 983 3512 aliquem
1004 3433 1175 3494 studiorum
1195 3432 1329 3493 fructum

350 3586 542 3648 committere
569 3605 684 3669 posses,
714 3606 826 3666 eosque
847 3605 970 3666 rogare,
991 3594 1038 3662 ut,
1059 3586 1085 3648 si
1107 3587 1215 3666 dignus
1236 3592 1328 3658 esset,

351 3741 403 3821 qui
425 3743 624 3823 reciperetur,
657 3742 755 3803 locum
781 3741 825 3802 illi
846 3741 1009 3802 concedere
1030 3740 1146 3801 vellent.
1188 3741 1230 3800 Ut
1250 3758 1330 3801 nunc

349 3917 399 3959 res
421 3916 486 3959 sese
506 3896 634 3972 habent,
656 3895 778 3978 proprio
791 3893 889 3956 Marte
899 3893 1047 3972 agendum
1063 3899 1120 3967 est,
1143 3890 1223 3970 quod
1238 3890 1329 3951 tironi

350 4052 474 4131 utique,
491 4051 617 4140 pualem
639 4068 693 4128 ego
714 4067 764 4109 me
784 4048 895 4122 fateor,
917 4045 1101 4149 periculosae
1120 4043 1240 4124 plenum
1256 4061 1330 4123 opus

350 4201 433 4263 aleae
467 4202 549 4265 haud
570 4201 724 4262 immerito
747 4200 867 4261 dixeris
909 4198 1049 4272 Accedit,
1081 4198 1179 4276 quod,
1210 4195 1328 4258 etiarnsi

350 4356 431 4416 torte
463 4353 751 4416 commentationem
784 4349 895 4414 habeas
926 4350 1001 4413 satis
1022 4353 1167 4433 amplam,
1200 4350 1327 4433 quaein
