3190 5114
713 527 755 587 69

242 738 449 813 imperatores
480 737 582 794 nostri
602 735 780 812 prudenter
803 739 833 793 et
857 729 1104 793 consecrandam
1127 729 1222 790 vulti-

241 849 297 909 bus
330 855 361 909 et
392 829 574 909 ornandam
607 850 732 928 templis
757 856 786 910 et
809 848 1030 909 celebrandam
1052 846 1138 906 ludis
1161 846 1224 905 cir-

241 964 383 1024 censibus
405 965 602 1024 indicarunt.
633 999 670 1010 -
694 958 755 1024 Pro
776 959 911 1024 absurdo
933 961 1072 1022 vultibus
1087 959 1222 1022 cultibus

242 1075 497 1140 snbstiiuendnm
519 1079 577 1141 eei.

515 1475 604 1537 trevir
622 1475 741 1538 tonse!
759 1473 954 1538 siluerimus.

285 1657 319 1722 O.
359 1661 377 1722 8
417 1657 537 1720 inserte
574 1658 623 1719 esi
660 1655 855 1739 lepidissime
892 1655 1029 1739 epirlule
1063 1655 1224 1722 Hadriani

217 1772 463 1857 'Imperatoris‚
498 1771 533 1836 in
565 1793 626 1854 que
649 1771 688 1835 de
711 1769 859 1856 Aegypto
882 1773 1006 1858 agitet
1029 1772 1067 1837 de
1091 1771 1222 1860 Aegyp·

240 1891 305 1954 iiis.
340 1888 379 1956 In
401 1891 460 1954 heo
483 1890 637 1973 epistula,
660 1891 678 1974 ἓ
703 1891 736 1967 7,
759 1891 837 1955 haec
859 1891 1028 1976 leguntur:
1052 1914 1137 1956 unns
1160 1895 1224 1956 illis

241 2011 317 2070 deus
339 2010 448 2070 nullus
472 2015 526 2070 est.
552 2012 638 2070 bunc
662 2009 856 2085 Christiani,
879 2011 964 2070 hunc
987 2011 1116 2086 Iudaei,
1139 2013 1225 2072 buno

241 2145 349 2188 omnes
379 2117 576 2188 venerantur
599 2133 630 2186 et
652 2133 767 2206 pentes.
793 2161 834 2172 -
860 2122 920 2187 Pro
942 2128 1051 2188 nullus
1074 2123 1224 2189 Lehrsius
1256 2143 1257 2146 ’

241 2240 337 2325 (apud
374 2224 655 2304 Fr'iedleenderum
693 2239 978 2325 ›Dersbellnngen”
1011 2240 1045 2304 Π
1078 2264 1108 2326 p.
1146 2242 1225 2327 208)

241 2355 416 2420 rectissime
453 2376 607 2418 nummus
642 2356 843 2420 scribendum
876 2377 953 2419 esse
977 2355 1068 2418 vidit.
1124 2354 1224 2421 Miror

242 2476 349 2537 eutem
383 2474 487 2537 virum
518 2472 735 2537 doctissimum
759 2474 880 2537 intecta
902 2473 1067 2557 reliquisse
1091 2495 1224 2558 sequen-

242 2589 288 2650 bie
311 2611 418 2651 omnes
441 2597 636 2651 venerantur
659 2598 688 2651 et
711 2583 835 2669 pentes,
859 2609 939 2671 queo
962 2590 1073 2671 aptum
1096 2609 1223 2652 sensum

242 2704 373 2767 minime
399 2703 560 2787 praebent.
608 2701 836 2786 Corrigendum
859 2705 908 2765 est
931 2707 1045 2766 divites
1069 2725 1225 2768 veneran-

203 2838 207 2846 '
243 2832 298 2885 tur
320 2829 350 2884 et
373 2829 504 2902 epentes.
529 2815 702 2883 DIVITES
725 2839 832 2901 presse
856 2821 888 2881 et
908 2818 1111 2903 negligenter
1127 2805 1226 2902 serip-

242 2938 311 2999 ium
335 2934 484 2999 facillime
507 2935 542 2997 in
566 2930 712 2997 OMNES
735 2931 902 3015 depravari
926 2932 1041 3015 potnit.
1111 2916 1115 2928 ’

287 3050 320 3115 G.
346 3053 376 3114 9.
403 3055 440 3115 3:
487 3055 636 3132 Deposita
661 3071 875 3131 purpurano
899 3051 1071 3112 simulacro
1101 3052 1227 3115 Veneris

243 3171 367 3248 cyclade
401 3172 520 3230 uxoria
543 3170 698 3230 militibus
722 3169 1001 3230 circumstantibus
1025 3171 1179 3230 amictus.
1196 3216 1224 3230 ..

243 3294 297 3346 est.
323 3322 364 3331 -
388 3281 497 3347 Donec
532 3283 657 3346 oonsleb
691 3286 792 3364 cpclas
827 3287 945 3346 naeoria
971 3281 1073 3365 qualis
1096 3282 1225 3346 tandem

243 3400 356 3478 fuerit,
380 3405 480 3464 serica
503 3399 609 3484 legere
631 3421 778 3484 propono,

660 3634 803 3644 ..ῳ-φ...-

381 3801 499 3865 tonsol
518 3800 615 3864 CARUS
634 3800 671 3863 ΕῘ
691 3797 817 3863 cirinus
837 3799 870 3864 ΕῘ
892 3801 1085 3865 nimirums.

287 3982 320 4046 Ο.
360 3987 395 4060 1,
432 3986 468 4047 l:
514 3986 593 4046 Fato
627 4005 694 4046 rem
727 4005 759 4065 p.
795 3988 862 4064 repi
896 3963 1027 4068 eumque
1060 4004 1148 4090 npnc
1179 3987 1222 4046 ad

242 4118 406 4160 summum
440 4101 546 4175 erebi,
581 4120 669 4162 nunc
705 4101 747 4161 ad
781 4102 920 4160 minima
954 4101 1092 4174 retrahi,
1128 4099 1222 4160 Probi

242 4235 327 4278 mors
354 4218 432 4277 satis
451 4218 605 4296 prodidit.
630 4253 671 4266 -
695 4213 903 4280 Praeiulerim
926 4235 983 4298 pro
1005 4219 1145 4278 minimo
1168 4219 1220 4280 in·

241 4332 320 4410 fimo
343 4330 457 4416 legere.
