3190 5114
379 733 499 794 ualidos
534 734 577 792 ad
611 732 766 792 militiam
786 735 959 811 praecepit.
984 766 1027 778 -
1050 728 1114 793 Res
1137 730 1206 814 ipse
1228 728 1363 794 clamare

379 843 506 908 videtur
528 849 628 936 etiam
651 845 808 910 inualidos
831 843 1002 929 legendum
1024 867 1101 910 esee.

602 1267 674 1329 ΑΕΙ.ΙΙ
692 1266 848 1332 serenent
867 1265 1041 1329 Antoninus
1060 1266 1148 1329 GHA.

424 1431 457 1498 O.
483 1437 519 1512 4,
548 1438 582 1497 1:
628 1437 706 1498 Fuit
729 1436 913 1497 adulescens
929 1437 1085 1522 decorus,
1109 1436 1249 1498 moribus
1272 1455 1362 1515 aspe-

379 1555 443 1628 ris,
487 1553 540 1613 sed
577 1571 643 1613 nou
677 1554 815 1632 impius,
858 1552 978 1614 anarbo
1012 1559 1203 1615 retractator
1235 1553 1362 1633 pulosus
1406 1586 1408 1590 ·

379 1671 514 1748 cupidus
541 1669 682 1730 ciborum
706 1676 735 1730 et
759 1671 828 1729 uini
850 1645 1091 1730 uarie⁸conditi
1115 1701 1159 1713 -
1181 1664 1362 1730 Haeserunt

380 1780 515 1845 editores
553 1781 588 1844 in
626 1781 755 1845 vocibus
793 1784 913 1844 anarbo
952 1790 1152 1846 retractator.
1210 1778 1245 1845 si
1281 1780 1362 1844 mihi

380 1895 610 1964 emendationis
645 1896 822 1980 perieulum
844 1897 947 1961 facero
968 1897 1082 1975 licent,
1117 1900 1276 1961 inurbane
1297 1903 1362 1960 iac-

381 2019 467 2076 tator
501 2009 672 2094 legendum
708 2010 898 2075 existimem.
953 2009 993 2076 In
1033 2020 1225 2076 retractator
1264 2011 1363 2076 latere

380 2131 517 2190 iactator
539 2125 603 2189 iem
625 2124 783 2190 Jordanus
807 2125 896 2190 vidit.
987 2135 990 2141 “

426 2240 460 2306 0.
497 2242 534 2321 5,
571 2247 610 2307 4:
662 2246 840 2308 Familiare
879 2246 927 2307 illi
965 2248 1032 2324 fuit
1070 2225 1127 2308 has
1167 2249 1365 2326 quaestiones

381 2364 602 2441 prommaticis
615 2381 806 2441 proponere,
829 2369 866 2424 ut
881 2363 1036 2438 dicerent,
1060 2364 1188 2442 sinpula
1206 2363 1366 2423 animalia

266 2469 270 2476 ’
382 2467 534 2557 quomodo
557 2496 661 2538 uocem
684 2480 884 2551 emitterent,
915 2477 1018 2538 uelut:
1042 2481 1119 2556 aput
1142 2479 1269 2554 balant,
1290 2495 1366 2557 por-

383 2596 453 2656 celli
474 2597 678 2675 prunniunt,
710 2594 875 2674 palumbes
898 2595 1121 2669 minurriuut,
1154 2597 1246 2674 porci
1267 2613 1368 2673 prun-

384 2715 498 2790 cltum,
532 2716 603 2775 ursi
628 2715 792 2788 saeuiunt,
826 2713 928 2774 leones
963 2714 1116 2790 rupiunt,
1151 2713 1294 2792 leopardi
1322 2714 1367 2771 ri·

384 2838 489 2906 stant,
513 2831 647 2909 elefanti
669 2832 834 2905 barriunt,
859 2847 962 2890 ranae
984 2835 1138 2905 coauant,
1163 2832 1235 2908 equi
1257 2830 1368 2890 hinni-

383 2954 461 3023 unt,
485 2951 575 3009 tauri
597 2950 759 3026 mupiunt.
786 2980 826 2990 -
852 2941 928 3007 Voo.
954 2949 1102 3007 saeuiunt
1124 2943 1276 3007 vitiosum
1299 2943 1329 3006 h.
1346 2941 1367 3005 l.

384 3081 450 3124 esse
484 3059 567 3124 haud
601 3059 783 3124 dubitanter
818 3058 973 3123 offirmare
1004 3059 1117 3124 susim.
1163 3057 1369 3123 Desiderotur

384 3178 469 3242 enim
513 3177 713 3255 vocabulum,
759 3197 821 3260 quo
866 3175 1014 3241 animalis
1060 3199 1122 3240 vox
1158 3163 1367 3262 significetur.

384 3291 521 3357 Proinde
543 3292 649 3356 nescio
672 3297 871 3356 enrauiunt
892 3291 1095 3356 scribendum
1111 3291 1154 3355 sit
1169 3289 1238 3354 eall.
1269 3287 1368 3355 Paulo
1398 3328 1404 3344 ·

317 3417 320 3422 '
384 3408 424 3474 ed
458 3406 589 3471 Festum
611 3428 635 3470 s.
660 3426 709 3470 v.:
756 3409 847 3472 Rara
871 3428 931 3471 oocc
955 3427 1055 3472 rauca
1078 3415 1108 3470 ct
1128 3427 1250 3488 parum
1273 3410 1368 3488 liqui·

384 3533 443 3606 da,
475 3531 624 3609 prouime
646 3547 765 3589 canum
788 3528 947 3590 latratum
970 3547 1106 3603 sonans,
1143 3526 1176 3587 et
1199 3523 1366 3608 deinceps:

384 3646 502 3706 Rauim
524 3644 668 3705 dicebant
689 3663 749 3723 pro
772 3639 939 3706 raucitate.
965 3645 1052 3705 unde
1070 3649 1100 3705 et
1116 3644 1246 3705 uerbum
1261 3647 1366 3720 rasio,

385 3765 480 3822 ravis.
529 3758 613 3822 Usus
642 3760 690 3821 eet
713 3759 771 3824 hoo
794 3759 889 3824 verbo
912 3756 1044 3822 Plautus
1067 3756 1162 3823 Poen.
1189 3761 1225 3835 3,
1250 3760 1288 3836 8,
1313 3762 1364 3823 33.

385 3876 465 3942 Cum
498 3883 618 3941 rictant
653 3877 691 3941 ef.
724 3898 850 3942 carmen
873 3876 911 3940 de
934 3874 1069 3941 Philam.
1095 3899 1139 3940 ve.
1166 3878 1228 3951 49,
1251 3876 1306 3940 ubi
1329 3875 1366 3940 de

384 3992 513 4079 tigridis
544 4014 619 4058 vooe
650 3993 765 4078 egitur.
811 3991 1053 4056 Wernsdorsiue
1076 4001 1224 4070 raccant,
1248 3989 1367 4056 Nodier

386 4121 523 4175 runcant
546 4110 591 4174 ibi
614 4108 783 4195 legendum
808 4109 923 4173 censet.

784 4321 979 4330 -—-———-
