3190 5114
735 509 779 558 XV

269 697 375 760 afferre
396 703 478 778 puto.
521 692 565 753 At
585 689 953 751 vehementer'interdum
974 651 1094 763 uereor,
1117 708 1155 750 ne
1177 689 1248 751 exili

268 852 418 913 brevitate
449 850 603 921 inductus,
636 846 807 907 adversaria
837 864 906 905 mea
936 844 974 906 ab
994 844 1096 926 inepto
1117 847 1248 925 quodam

268 1013 300 1066 et
332 1000 486 1063 fastidioso
521 998 699 1075 castigatore
733 995 871 1076 profecta
903 994 1018 1069 credas,
1055 995 1107 1075 qui
1135 995 1248 1058 alienas

269 1154 423 1237 opiniones
454 1149 542 1214 nauci
563 1169 623 1211 non
645 1149 763 1210 babeat.
805 1147 903 1208 Velim
924 1154 1027 1210 autem
1049 1149 1106 1210 tibi
1127 1168 1249 1231 persua·

270 1309 357 1381 deas,
387 1306 463 1367 nihil
493 1304 589 1385 magis
609 1322 659 1364 me
680 1321 803 1384 cupere,
837 1321 929 1382 quam
950 1275 1025 1363 ut'a
1045 1302 1142 1384 turpis
1163 1321 1248 1365 arro·

268 1461 387 1542 gantiae
408 1467 440 1521 et
459 1457 637 1520 insolentiae
656 1456 825 1536 suspicione
845 1456 1040 1529 abhorream,
1063 1455 1244 1536 illorumque

271 1631 319 1674 me
350 1609 518 1673 sententiae
548 1607 701 1680 assentiri,
724 1606 826 1685 quiin
854 1605 970 1674 studiis,
984 1606 1125 1666 timorem
1148 1606 1243 1687 magis

271 1769 408 1832 homines
422 1786 513 1848 quam
534 1766 675 1827 fiduciam
696 1764 801 1825 decere
822 1761 1006 1823 existiment.

311 1921 435 1992 Quoties
465 1917 657 1982 commodum
688 1885 786 1977 visum
811 1924 869 1991 est,
902 1918 1099 1993 coniecturas,
1136 1920 1247 2000 quibus

270 2073 321 2134 alii
344 2073 442 2133 locum
463 2078 601 2133 notatum
624 2070 786 2130 emendare
807 2071 906 2130 conati
926 2078 1009 2144 sunt,
1041 2071 1125 2132 iuxta
1148 2089 1247 2161 meam

271 2227 511 2290 commemoravi.
534 2224 667 2296 Quodsi
688 2227 808 2306 quando
829 2227 959 2306 neglexi,
981 2245 1019 2287 ne
1040 2227 1109 2288 inde
1124 2228 1247 2307 quidem

269 2387 390 2460 efficias,
412 2403 532 2465 quaeso,
550 2402 599 2444 me
613 2383 742 2444 aliorum
756 2383 910 2463 opiniones
924 2391 997 2464 prae
1012 2403 1080 2446 mea
1091 2384 1245 2466 despicere

268 2548 300 2602 et
330 2546 529 2602 contemnere.
572 2536 668 2598 lmmo
699 2556 784 2610 vero,
820 2537 845 2596 si
860 2603 862 2608 ,
876 2555 962 2616 quae.
983 2556 1038 2615 ego
1059 2501 1247 2617 proferrem,

267 2693 399 2773 aliquam
429 2690 676 2773 probabilitatem
696 2689 857 2765 haberent,
889 2689 946 2751 hoo
966 2688 1162 2751 nihilominus
1183 2690 1245 2750 elu-

267 2870 340 2913 cere
364 2850 487 2931 putavi,
518 2847 636 2908 etiamsi
661 2845 789 2907 aliorum
810 2845 922 2907 iudicia
942 2846 1123 2925 redarguere
1143 2864 1247 2927 super·

267 3005 412 3066 sederem.
454 3001 579 3082 Saepius
614 3007 715 3061 autem
745 2998 900 3059 silentium
931 3018 1033 3060 meum
1063 2999 1245 3078 ignorationi

198 3199 203 3216 .
267 3156 382 3218 tribuas
414 3153 504 3215 velim
534 3170 639 3214 eorum
659 3152 858 3232 scriptorum,
891 3151 1000 3231 quibus
1020 3151 1244 3232 philologorum

269 3313 371 3374 studia
392 3310 480 3373 statis
501 3308 688 3388 temporibus
710 3307 741 3366 in
761 3306 858 3367 lucem
878 3306 1007 3385 proferri
1027 3307 1134 3368 solent.
1161 3304 1244 3376 Quae

271 3469 356 3548 quia,
389 3466 446 3527 nisi
475 3464 639 3526 admodum
670 3481 752 3537 raro,
784 3463 931 3544 inspicere
961 3481 1021 3522 non
1044 3463 1147 3534 licuit,
1181 3463 1246 3525 fieri

271 3625 389 3700 potest,
420 3623 474 3692 ut,
506 3635 583 3695 quae
614 3633 669 3694 ego
701 3614 834 3694 primum
866 3613 974 3674 vidisse
1001 3612 1076 3673 mihi
1110 3612 1244 3688 viderer,

270 3772 331 3832 iam
365 3770 439 3832 alios
469 3775 540 3830 ante
571 3787 620 3828 me
640 3786 700 3829 non
720 3767 863 3848 fugerint.
906 3765 992 3837 Quod
1013 3769 1103 3830 verbo
1125 3788 1248 3831 monere

271 3941 332 3984 non
352 3941 475 4003 prorsus
492 3939 747 4002 supervacaneum
762 3939 828 3981 esse
842 3921 928 3981 facile
943 3920 1017 3981 mihi
1033 3921 1130 3994 dabis,
1153 3941 1247 4001 quum

270 4077 408 4138 homines
429 4095 494 4138 esse
514 4074 701 4156 reputaveris
721 4074 820 4154 pusilli
841 4074 936 4135 animi
957 4082 988 4135 et
1009 4075 1171 4147 contracti,
1193 4077 1247 4157 qui

223 4292 227 4300 ,
269 4249 324 4292 sua
354 4230 464 4292 scrinia
484 4231 645 4311 compilata
666 4248 730 4290 esse
751 4229 925 4305 clamitent,
948 4230 974 4292 si
996 4228 1044 4293 oui
1066 4229 1145 4292 torte
1165 4230 1245 4293 idem

269 4384 350 4463 quod
370 4383 442 4466 ipsis
464 4385 495 4444 in
515 4392 650 4446 mentem
670 4382 820 4446 inciderit.
