3190 5114
832 489 872 553 70

405 689 437 754 Ο.
464 693 521 768 13,
547 693 575 754 1.
623 693 760 756 Etcum
784 705 1010 780 quaereretur,
1035 702 1106 785 quis
1130 704 1248 765 viridem
1261 703 1342 764 ·Nu-

360 813 500 872 meriaci
531 813 725 873 iustissimus
744 863 747 870 .
756 814 862 891 fieret,
876 860 883 875 .
899 859 906 875 .
921 859 951 876 ..
977 815 1213 880 Diocletianum
1236 837 1343 880 omues

458 930 640 1010 Auqustum
663 931 922 1009 appellaverunt,
946 935 1055 994 uirum
1078 937 1255 1015 tusiquem,
1279 937 1342 998 cai·

359 1049 481 1123 lidum,
516 1054 682 1109 amantem
716 1052 762 1110 rei
793 1070 825 1128 p.
836 1096 844 1126 ,
880 1057 1048 1113 amantem
1082 1071 1215 1114 suorum
1246 1059 1276 1115 et
1298 1055 1341 1115 uei

359 1169 469 1227 omnia
492 1184 572 1248 quae
595 1173 721 1246 tempus
743 1171 924 1250 quaesierat
947 1172 1057 1230 statim
1074 1176 1245 1250 paratum,
1268 1189 1342 1231 cou-

359 1286 425 1346 silii
448 1304 570 1365 semper
592 1285 668 1360 atti,
699 1304 944 1369 uouuumquam
968 1294 1078 1350 tameu
1101 1289 1263 1367 effrontis,
1287 1288 1340 1349 sed

355 1403 533 1482 prudentia
555 1408 586 1463 et
608 1405 713 1463 uimia
733 1405 912 1483 pervicacia
932 1412 1038 1466 motus
1056 1407 1191 1487 iuquieti
1203 1406 1339 1484 pectoris

358 1521 605 1598 comprimentis.
631 1513 813 1580 —Virum
847 1517 972 1581 consilii
1004 1540 1128 1600 semper
1151 1522 1228 1590 alti,
1259 1540 1338 1581 uou-

358 1653 535 1714 numquam
564 1641 673 1695 tamea
711 1636 855 1714 effrontis
890 1655 962 1697 eum
997 1655 1064 1697 esse
1099 1633 1228 1713 volunt,
1264 1633 1336 1718 qui,

357 1770 455 1833 quum
486 1769 609 1831 semper
639 1746 769 1811 affectus
805 1769 876 1813 suos
907 1748 988 1813 celet
1011 1751 1044 1812 et
1067 1748 1262 1827 dissimulet,
1286 1749 1336 1812 in-
1378 1763 1382 1774 ·

356 1863 481 1929 terdum
515 1866 624 1927 temen
651 1863 818 1927 temerarie
842 1863 911 1949 egit
935 1867 967 1928 et
991 1865 1217 1950 imprudenter.
1264 1864 1336 1928 Etsi

357 2000 422 2044 non
444 1978 760 2063 praetermittendum
784 1981 844 2055 est,
869 1978 896 2041 si
919 1978 996 2043 haec
1015 1980 1235 2064 interpretatio
1250 1983 1335 2046 recte

357 2117 390 2160 se
420 2094 566 2171 heberet,
601 2093 712 2171 verba,
747 2115 827 2178 quae
861 2094 1008 2180 deinceps
1028 2099 1224 2180 sequuntur,
1259 2097 1335 2161 sctis

356 2212 456 2276 otiosa
490 2232 556 2275 esse
591 2213 623 2273 et
657 2232 868 2292 supervacue,
901 2233 966 2276 non
999 2215 1107 2278 temen
1139 2214 1236 2278 nimis
1266 2235 1334 2278 eum

356 2330 525 2424 impugno,
548 2330 703 2411 quatenus
726 2326 766 2390 ed
789 2349 817 2390 v.
843 2331 965 2391 eousitii
988 2332 1047 2391 otti
1070 2330 1219 2413 pertinet.
1258 2327 1333 2414 Cap.

355 2447 441 2511 enim
467 2447 524 2523 15,
562 2447 598 2522 1,
621 2444 659 2507 de
682 2441 880 2507 Diocletiano
904 2445 1059 2528 scriptum
1083 2448 1147 2510 est:
1183 2449 1334 2530 denique,

355 2572 392 2625 ut
415 2569 484 2625 erat
507 2564 608 2638 attus,
633 2564 707 2624 risit
729 2569 759 2622 et
782 2565 892 2623 tacuit.
917 2558 1050 2625 Locutio
1075 2562 1143 2645 ipsa
1158 2565 1265 2626 eutem
1280 2561 1334 2626 de-

353 2677 441 2741 fendi
451 2698 540 2761 posse
551 2674 682 2753 videbis,
692 2697 790 2760 quum
798 2674 944 2740 Curtium
956 2677 1142 2760 inspexeris,
1152 2678 1208 2762 qui
1219 2675 1276 2754 VI,
1292 2679 1329 2740 11

354 2795 496 2878 scripsit:
520 2796 633 2856 altiore
644 2795 772 2856 coasilio
785 2796 910 2879 aliquid
924 2799 1093 2875 concipere.
1118 2790 1179 2857 Sed
1189 2792 1332 2857 haerebis

353 2913 388 2975 in
412 2933 487 2976 voce
510 2914 669 2992 effrontis,
693 2909 774 2993 quod
796 2911 921 2992 praeter
943 2911 1002 2974 hoc
1024 2910 1091 2975 loco
1112 2909 1196 3004 apud
1207 2909 1331 2974 nullum

352 3048 541 3113 quemquem
564 3027 750 3108 scriptorem
768 3025 887 3110 legitur
902 3028 934 3088 et
948 3027 1001 3090 cui
1012 3029 1131 3091 temere
1146 3027 1211 3090 fere
1223 3026 1332 3090 eedem

352 3143 400 3206 vis
423 3141 544 3205 tribute
567 3162 635 3204 esse
654 3139 794 3216 videtur,
818 3160 912 3223 quam
927 3140 1022 3204 hebet
1035 3140 1332 3206 Franco-Gallicum

352 3281 379 3323 v.
404 3227 546 3341 effroutd
586 3256 679 3321 Hanc
702 3256 741 3320 ab
765 3278 890 3321 causam
914 3255 1105 3340 Vopiscum,
1131 3280 1224 3343 quem
1247 3258 1331 3322 enti-

274 3447 277 3459 ,
351 3375 496 3458 quiorum
520 3372 710 3456 scriptorum
734 3372 926 3436 imitatorem
938 3373 1035 3437 fuisse
1051 3374 1167 3458 ubique
1183 3377 1329 3459 apparet,

351 3493 481 3571 effrenis
516 3487 679 3570 scripsisse
703 3486 832 3551 conicio.
881 3485 1005 3552 Deinde
1028 3477 1110 3553 vero¹
1125 3512 1249 3571 seraper
1270 3494 1330 3554 atti

351 3586 556 3690 deprevatum
589 3603 737 3667 existimo
771 3625 809 3668 ex
839 3610 1017 3686 temperati.
1064 3603 1205 3689 Scriptor
1228 3606 1329 3691 signi·

349 3722 443 3786 ficere
476 3717 593 3796 voluit,
629 3716 876 3787 Diocletianum,
915 3719 1019 3783 virum
1051 3724 1178 3785 cautum
1201 3722 1329 3786 omnino

350 3838 382 3898 et
404 3832 609 3917 prudentem,
633 3831 795 3897 interdum
820 3832 984 3898 effectibus
1007 3835 1167 3898 effrenatis
1190 3836 1329 3900 abstrahi

346 3974 382 4034 ,sc
405 3971 532 4037 passum
555 3971 631 4015 esse.
