3190 5114
390 1320 656 1418 DIALOGUS
693 1321 760 1416 DE
799 1322 1141 1421 ORATORIBUS.

320 1994 353 2058 O.
381 1995 417 2057 9:
463 1996 549 2056 Nam
578 1997 725 2056 carmina
756 2002 785 2054 et
808 2015 937 2056 versus.
953 2041 959 2056 .
975 2042 1004 2057 ..
1029 2016 1129 2075 neque
1151 1998 1256 2075 dipni-

276 2118 375 2172 tatem
406 2111 508 2171 ullum
531 2110 711 2171 auctoribus
735 2114 801 2172 suis
824 2112 1013 2187 conciliant,
1044 2132 1145 2191 neque
1167 2113 1257 2172 utili-

276 2235 357 2289 tates
379 2228 490 2302 alunt,
522 2226 716 2304 uoluptatem
740 2233 849 2288 autem
873 2228 1011 2304 breuem,
1031 2228 1161 2289 lauolem
1185 2230 1257 2288 inn-

230 2403 235 2412 ,
276 2364 350 2405 nem
373 2349 403 2404 et
426 2343 663 2419 infructuosam
681 2350 927 2422 consequuntur.
943 2379 984 2389 —
997 2340 1071 2405 Ood.
1088 2340 1257 2403 lectionem

277 2463 431 2522 utilitates
454 2457 528 2540 quie
552 2457 743 2520 sententiam
766 2478 893 2541 prorsus
917 2456 1146 2522 incommodam
1168 2479 1257 2541 prae-

276 2575 363 2654 bent,
397 2575 543 2639 Ritterus
574 2578 715 2639 utilitate
741 2597 789 2638 eos
813 2575 1014 2639 scribendum
1038 2596 1105 2638 esse
1130 2575 1255 2640 conicit.

276 2687 392 2754 Nescio
426 2711 466 2755 en
500 2691 617 2755 rectius
649 2694 819 2771 facultates
842 2691 1037 2775 scripsisset,
1072 2692 1258 2774 praesentim

278 2830 375 2892 quum
414 2808 548 2891 respicio
587 2807 625 2871 ed
659 2828 712 2884 eo,
746 2829 826 2890 quae
859 2808 1011 2892 leguntur
1045 2829 1071 2872 c.
1100 2809 1137 2872 8:
1173 2811 1259 2871 Nom

278 2947 337 3006 quo
370 2929 530 2989 sordidius
557 2934 587 2988 et
609 2927 760 2988 abiectius
782 2930 854 2988 nati
877 2934 972 2988 sunt.
987 2974 995 2990 .
1010 2974 1039 2988 ..
1065 2948 1099 2989 eo
1121 2928 1259 2989 clariora

279 3051 308 3105 et
321 3091 328 3104 .
343 3090 350 3105 .
365 3090 395 3105 ..
421 3044 598 3105 illustriora
622 3044 767 3123 exempla
789 3050 881 3119 sunt,
905 3047 988 3124 quod
1010 3047 1079 3105 sine
1101 3064 1259 3106 commen-

278 3163 406 3222 datione
440 3161 624 3236 natalium,
659 3164 727 3221 sine
761 3161 940 3222 substantio
973 3161 1257 3238 facultatum...

276 3296 335 3356 per
375 3276 490 3336 multos
525 3278 592 3336 iam
628 3295 729 3336 annos
761 3278 977 3355 potentissimi
1011 3283 1087 3338 sunt
1121 3280 1259 3338 civitatis

279 3392 352 3455 cett.
381 3427 422 3436 —
450 3392 629 3454 Facultates
663 3389 693 3452 h.
718 3388 739 3452 l.
776 3391 851 3452 sunt
884 3388 981 3466 bone,
1017 3389 1259 3473 patrimonium,

215 3543 217 3550 ·
278 3528 410 3591 quorum
445 3507 511 3570 vim
546 3527 637 3589 saepe
670 3505 790 3570 habent
822 3505 905 3590 opud
942 3509 1111 3590 argenteae
1146 3508 1259 3570 aetatis

278 3626 460 3709 scriptorem
482 3624 520 3687 ef.
568 3623 667 3699 Quint
690 3623 725 3686 in
750 3623 771 3685 f.
797 3643 932 3705 prooem.
958 3622 993 3688 L.
1019 3626 1056 3689 6:
1090 3628 1260 3705 facultates
1291 3627 1293 3630 ’

155 3737 173 3768 ’“
276 3744 468 3822 patrimonii
502 3743 603 3801 nostri
627 3739 700 3800 aliis
724 3740 939 3818 relinquemus
949 3762 961 3817 ,·
997 3736 1081 3803 Suet.
1106 3739 1196 3804 Gelb.
1223 3744 1260 3804 3:

279 3859 402 3917 attritis
437 3856 645 3933 facultatibus
679 3854 756 3914 urbe
790 3857 880 3914 cessit
890 3875 902 3930 ,·
937 3850 1063 3917 Petron.
1088 3851 1152 3916 Set.
1180 3857 1260 3918 112:

279 3972 433 4051 quidquid
467 3971 539 4031 boni
573 3988 631 4048 per
664 3969 834 4046 facultates
855 3975 996 4048 poterat,
1029 3971 1192 4032 coemebat.
1218 4006 1256 4018 -

279 4089 371 4148 Alere
392 4085 423 4148 h.
448 4085 469 4147 l.
495 4081 632 4169 augendi
655 4082 721 4146 vim
745 4084 777 4146 et
799 4082 962 4147 notionem
984 4082 1095 4162 habet,
1119 4086 1155 4147 ut
1178 4083 1262 4168 spud

280 4202 348 4266 Liv.
386 4203 446 4278 28,
482 4203 541 4264 24:
577 4193 661 4263 al¹ere
684 4222 849 4279 rumores;
883 4197 964 4282 Nep.
989 4197 1082 4266 Phoc.
1109 4204 1146 4264 1:
1177 4205 1261 4266 alere

279 4323 447 4384 luauriam
470 4319 543 4380 cett.

1109 4435 1127 4500 7
