3190 5114
716 503 757 567 37

290 704 353 782 III,
377 707 397 769 6
421 705 571 772 describit
593 708 721 792 signum
745 705 945 770 Corinthium
957 727 1066 772 reeens
1081 709 1221 790 emptum

246 822 295 886 his
318 823 438 900 verbis:
473 827 598 905 esfinpit
621 846 727 888 senem
750 833 909 904 stantem,-
944 845 1029 900 ossa,
1064 827 1218 901 muscidi,

245 946 353 1018 uerm,
387 962 501 1017 cenae,
535 962 635 1022 rupae
668 945 766 1004 etiam
801 950 839 1004 ut
870 945 1024 1022 spirantis
1046 948 1221 1022 apparent,

245 1063 316 1120 rari
338 1066 369 1120 et
391 1061 531 1121 cedentes
552 1060 676 1139 capilli,
699 1059 767 1119 lata
797 1061 901 1136 frons,
925 1065 1088 1119 contracta
1112 1060 1221 1136 facies,

246 1174 327 1235 ascite
349 1174 474 1250 collam,
494 1177 637 1255 pendent
659 1177 785 1249 lacerti,
809 1177 948 1255 papillae
972 1178 1090 1249 iacent,
1113 1181 1222 1236 center

244 1293 378 1352 recessit.
417 1284 575 1372 Deinceps
598 1289 686 1352 addit
708 1311 729 1351 a
752 1297 836 1371 torpa
860 1311 980 1374 quoque
1002 1293 1112 1352 eadem
1134 1297 1223 1352 aetas

203 1453 205 1460 s
244 1414 282 1468 ut
312 1428 333 1467 a
366 1415 461 1488 terpo.
485 1444 528 1458 -
550 1405 697 1471 Editores
731 1407 808 1471 haec
842 1407 937 1471 verba
970 1407 1071 1471 adhuc
1101 1408 1223 1471 intacta

243 1520 457 1605 reliquerimt;
481 1544 539 1607 ego
563 1545 653 1601 vcro,
677 1524 810 1588 forsitan
832 1523 939 1602 fallar,
964 1521 1146 1590 absurdiora
1168 1523 1224 1586 illa

245 1636 407 1715 existimo,
442 1658 536 1720 quam
570 1641 606 1700 ut
640 1637 760 1701 diutius
794 1638 871 1701 ferri
905 1638 1036 1721 possint.
1092 1638 1221 1702 Etenim

244 1751 426 1836 supersedet
456 1751 580 1817 Plinius
613 1754 769 1838 posticum
804 1755 933 1838 signum
955 1756 1021 1818 tam
1044 1754 1168 1818 minute
1190 1755 1223 1817 et

245 1871 390 1931 accurate
405 1867 594 1946 describere,
612 1890 706 1952 quam
721 1869 863 1934 anticum
875 1868 1091 1954 descripserat.
1116 1868 1222 1934 Verbo

244 1985 371 2048 tantum
394 1988 539 2065 annotat,
562 1989 688 2070 tergum
708 1985 818 2049 senilis
833 1987 969 2071 corporis
983 1987 1101 2052 indicia
1113 1986 1221 2051 eadem

244 2099 323 2163 fide.
338 2099 483 2179 reddere,
517 2104 611 2184 atquc
645 2098 808 2164 adversam
834 2103 973 2184 partem,
1009 2101 1046 2165 de
1070 2123 1131 2186 que
1154 2103 1220 2164 tam

245 2217 355 2280 multis
377 2216 481 2282 verbis
504 2219 629 2301 egerat3
652 2217 874 2301 corrigendum
896 2238 970 2302 ergo
994 2240 1014 2281 a
1038 2227 1123 2301 terpo
1146 2240 1222 2304 quo-

246 2354 306 2418 que
328 2332 434 2416 [signo
457 2330 519 2414 est]
542 2335 653 2420 eadem
676 2341 765 2395 aetas
787 2341 825 2395 ut
847 2336 986 2396 aduerso.

291 2444 347 2510 IV.
384 2448 422 2538 6,
458 2449 495 2509 2:
543 2449 652 2547 Solum
686 2452 769 2510 mibi
792 2451 1030 2511 Laurentinum
1053 2468 1162 2510 mcum
1185 2451 1221 2510 in

247 2567 353 2627 reditu
355 2611 474 2626 ......
510 2567 560 2626 Ibi
582 2571 669 2628 enim
689 2568 871 2646 plurimum
895 2568 992 2628 scribo
1015 2587 1073 2627 nec
1088 2586 1223 2646 aarum,

248 2701 341 2765 quem
371 2701 436 2742 non
459 2684 573 2757 habeo,
608 2685 662 2744 sed
685 2687 793 2762 ipsum
817 2704 867 2744 me
890 2685 1005 2744 studiis
1028 2683 1152 2744 accolo:
1189 2703 1226 2745 ac

247 2794 314 2857 iam
345 2817 474 2876 possum
509 2800 566 2859 tibi
600 2805 636 2860 ut
668 2798 741 2859 aliis
764 2802 800 2858 in
823 2800 896 2859 lacis
919 2800 1071 2859 borreum
1091 2774 1225 2876 plenam

247 2914 291 2973 sic
314 2914 357 2972 ibi
379 2916 536 2974 scrinium
559 2915 730 2974 ostendere.
757 2950 797 2960 —
822 2908 861 2975 V.
887 2915 1019 2987 stadiis,
1042 2931 1103 2995 quo
1126 2931 1225 2994 aequo

247 3027 352 3090 animo
377 3029 475 3091 careri
497 3027 577 3091 mihi
599 3048 689 3112 posse
704 3028 846 3105 videtur,
870 3051 1035 3112 perperam
1049 3051 1067 3093 c
1082 3029 1226 3113 margine

248 3141 309 3205 huc
332 3142 495 3225 irrepsisse
519 3141 619 3207 credo.

292 3257 349 3321 IV.
377 3261 426 3322 12.
452 3262 489 3322 2:
536 3261 616 3324 Gum
650 3259 824 3345 [Egnatius
859 3259 1078 3345 Marcellinus]
1097 3266 1133 3324 in
1152 3284 1226 3343 pro·

247 3381 387 3454 uinctam
410 3385 556 3461 quaestor
585 3381 716 3455 coiisset,
753 3381 948 3462 scribamque
971 3384 1025 3463 qui
1048 3384 1126 3442 sorti
1148 3382 1225 3441 obti-

247 3502 336 3575 perat
349 3541 356 3554 .
371 3540 400 3555 ..
436 3498 595 3556 amisisset
625 3503 695 3558 cett.
721 3530 764 3542 -
786 3493 826 3558 In
856 3495 905 3558 his
929 3501 1006 3559 sorti
1029 3517 1067 3559 ex
1090 3503 1173 3558 sorte
1196 3501 1225 3558 ei

248 3608 453 3693 depravatum
476 3631 542 3672 esse
566 3610 643 3673 satis
667 3612 811 3693 apertum
835 3612 892 3674 est.

259 3715 262 3722 ’
292 3723 349 3789 IV.
378 3727 432 3789 13:
461 3725 570 3790 Tacito
594 3726 741 3803 mandat,
764 3728 801 3789 ut
824 3749 862 3790 ex
886 3727 975 3811 copia
997 3727 1224 3806 studiosam,

215 3857 219 3866 ’
247 3830 326 3924 quae
350 3840 483 3906 adeum
507 3843 706 3918 conveniret,
732 3841 968 3925 circumspiciat
991 3844 1223 3926 praeceptores,

247 3977 324 4040 quos
358 3957 530 4023 Tusculani
563 3958 734 4022 sollicitare
768 3960 914 4041 possent,
950 3960 986 4020 ut
1018 3958 1099 4022 filios
1134 3953 1223 4036 suos,

248 4073 303 4156 qui
325 4044 505 4137 Mediolani
521 4073 647 4138 studere
671 4074 824 4152 solerent,
849 4075 883 4137 in
906 4094 962 4137 sua
984 4073 1061 4137 urbe
1075 4073 1224 4138 docerent

248 4184 487 4270 educarentque.
536 4186 654 4253 Scribit
687 4187 830 4266 Plinius,
860 4209 893 4252 se
917 4209 989 4252 cum
1011 4187 1224 4273 compluribus

248 4304 435 4370 Tusculanis
469 4303 507 4369 de
541 4329 577 4370 es
611 4329 645 4371 re
677 4308 896 4391 egissentque
919 4303 1223 4372 interaliaethoc
1341 4386 1343 4397 Ι
