3190 5114
822 505 863 566 68

349 709 427 768 caui
455 708 551 767 tensis
574 708 722 768 membris
745 708 953 769 sxcmmooit:
1004 709 1137 768 »Tacita
1157 726 1328 786 purpura,

349 826 448 886 tacita
467 820 650 904 purpurc.’'
674 859 714 870 -
738 819 839 886 Immo
862 843 935 886 vero
959 826 1056 885 tensis
1080 823 1238 886 manibus.

758 1061 927 1072 1———4

660 1221 750 1294 fmus
770 1222 888 1285 vorsu
908 1197 1034 1286 esosus.

397 1398 430 1464 O.
458 1403 492 1480 1,
516 1404 550 1466 3:
584 1405 723 1467 Probum
738 1409 932 1487 principem,
956 1411 1048 1469 cuius
1065 1387 1200 1487 imperio
1214 1408 1333 1481 oriens,

353 1523 510 1597 occideris,
541 1517 705 1595 meridios,
737 1528 909 1602 septentrio
932 1545 1102 1610 omnesque
1124 1525 1205 1585 orbis
1225 1530 1335 1603 partes

353 1639 390 1730 iu
412 1643 513 1697 totam
528 1637 731 1698 securitatem
746 1640 893 1701 redactae
907 1645 997 1714 suut,
1021 1642 1213 1719 scriptorum
1225 1640 1336 1716 iuopia

266 1769 267 1774 ’
354 1757 422 1815 iam
455 1774 556 1833 paene
589 1758 756 1816 uecsimus.
788 1789 832 1802 --
864 1752 980 1818 Parum
1004 1753 1135 1818 dubium
1158 1755 1223 1830 esi,
1256 1753 1335 1836 quin

291 1889 293 1894 ·
354 1875 390 1932 iu
413 1878 519 1933 tutam
541 1874 745 1946 securitatem
767 1842 932 1953 Vopiscus·
947 1871 1119 1954 scripserit.

323 1999 325 2006 ’
398 1973 431 2049 C.
458 1991 494 2065 4,
519 1987 553 2049 52
603 1990 643 2050 Te
666 2008 793 2072 quaeso,
818 1991 867 2068 fiii
889 1993 1067 2066 carissime,
1090 1997 1128 2052 ut
1151 2009 1225 2050 eum
1248 1991 1335 2050 iuue-

291 2109 294 2116 '
353 2127 445 2182 uem,
484 2127 578 2192 quem
613 2110 740 2168 imitari
771 2111 882 2187 pueris
917 2110 1062 2170 omuibus
1095 2109 1161 2169 uolo
1185 2110 1221 2168 iu
1244 2112 1334 2166 tauto

352 2226 466 2286 habeas
506 2227 623 2285 houore
661 2230 819 2306 quautam
853 2227 987 2286 uirtutes
1021 2228 1090 2286 eius
1103 2270 1110 2284 .
1125 2269 1132 2284 .
1147 2270 1176 2284 ..
1216 2224 1335 2283 deside-

352 2348 437 2402 reat.
470 2375 513 2386 -
543 2336 668 2402 Insulse
696 2340 735 2432 ,cb
758 2336 878 2402 soloecu
901 2341 950 2401 esi
973 2338 1067 2402 lectio
1093 2359 1185 2419 quem
1208 2341 1334 2400 imitari

348 2458 460 2534 pueris
495 2455 639 2515 omuibus
673 2454 748 2514 volo.
806 2450 935 2516 Oonioio
966 2459 1078 2534 pueris
1112 2452 1250 2535 primum
1279 2451 1333 2514 de·

351 2571 516 2654 premium
539 2591 606 2632 esse
628 2590 667 2632 ex
688 2572 836 2650 puberes,
872 2567 984 2632 deinde
1007 2570 1171 2633 librarium
1194 2569 1332 2652 aliquem

350 2705 407 2769 pro
438 2691 548 2767 pueris
582 2707 689 2748 omues
722 2684 904 2764 emendate,
935 2689 972 2750 ui
1007 2685 1068 2750 sibi
1097 2688 1181 2748 cerie
1205 2684 1333 2749 videba-

349 2803 419 2879 tur,
454 2801 616 2885 scripsisse
646 2807 759 2882 pueris
782 2805 939 2865 omuibus.
986 2798 1233 2863 Rcsbiiusndum
1256 2819 1331 2881 ergo
1425 2785 1430 2796 ’

350 2919 398 2980 esb
418 2921 551 2999 puberes
575 2939 692 2980 omues.
1247 2903 1248 2908 ἵ

392 3033 432 3098 In
466 3035 531 3098 eod.
568 3033 642 3118 Cap.
680 3036 697 3117 ᾖ
735 3035 772 3097 5:
819 3038 903 3099 Huic
926 3040 1027 3116 ipitur
1050 3038 1124 3098 dari
1147 3036 1328 3097 iubebis...

345 3156 498 3231 patiuam
534 3159 721 3231 arpouteom
744 3153 904 3214 librarum
927 3156 1031 3214 decem
1055 3152 1263 3232 speceilatam.
1289 3185 1331 3196 -—

348 3264 552 3329 Adiecbivum
587 3267 771 3345 speceilotus
795 3264 881 3328 inber
902 3269 987 3349 ἅπαξ
1008 3268 1140 3346 εἰρημένα
1162 3283 1331 3327 numerun-

349 3381 424 3445 dum
459 3382 516 3444 esi.
563 3378 711 3443 Puiinnm
738 3380 941 3463 speoellsbum
964 3380 1105 3463 pubinum
1128 3380 1225 3443 fuisse
1248 3378 1331 3442 uffir·

348 3501 437 3563 mani
467 3497 605 3582 specillis
629 3498 649 3560 i.
675 3519 701 3561 e.
726 3499 832 3581 parvis
858 3496 993 3582 speculis
1017 3497 1209 3562 disiinoiem.
1256 3494 1331 3561 Non

349 3614 442 3678 credo
472 3618 585 3711 eutem
609 3613 647 3677 de
678 3614 797 3698 patinis
820 3613 880 3678 isli
902 3615 992 3679 modo
1016 3615 1136 3678 ornetis
1160 3614 1210 3678 vel
1234 3614 1330 3679 semel

347 3728 425 3792 alibi
464 3722 659 3794 mentionem
696 3729 812 3792 faciem
849 3751 934 3807 esse,
975 3729 1177 3814 quemobrem
1221 3730 1331 3793 malim

348 3848 523 3926 sipiilotom
557 3846 577 3908 i.
603 3867 629 3908 e.
666 3846 772 3928 parvis
803 3846 904 3930 signis
936 3867 992 3908 seu
1023 3845 1216 3930 imaginibus
1239 3866 1330 3910 orno·

348 3961 423 4024 bum.
471 3960 517 4024 of.
543 3959 607 4025 Cio.
632 3959 723 4025 Verr.
747 3959 805 4034 IV.
832 3964 891 4038 14,
923 3965 982 4026 32:
1017 3964 1105 4025 Iubet
1127 3984 1179 4026 me
1201 3970 1329 4046 scyphos

348 4078 499 4157 sipiliatos
533 4081 575 4140 ad
605 4086 788 4168 praeterem
818 4081 929 4139 statim
963 4079 1100 4157 afferre;
1134 4078 1183 4142 ad.
1208 4079 1277 4143 Ait.
1302 4077 1325 4142 I.

349 4193 409 4271 10,
435 4197 471 4257 3:
492 4198 639 4276 putealia
665 4196 805 4274 sipillata
827 4196 899 4256 oiuo.

390 4310 423 4375 Ο.
462 4313 522 4391 23,
557 4314 594 4376 5:
648 4315 860 4376 Dioiuitatem
894 4312 993 4380 Probo
1028 4314 1192 4394 deropeut,
1228 4334 1325 4398 quom
