3190 5114
677 485 864 568 ‘67'

244 703 399 790 Vopiscus
437 708 609 792 scripserit.
657 705 787 793 Saepius
821 709 926 772 aulem
960 705 1116 772 adieaiiva
1150 729 1225 774 usus

243 827 307 900 esi,
330 825 386 888 abi
408 825 517 909 purior
540 825 699 892 scribendi
723 825 804 889 ratio
827 824 1011 889 adverbium
1034 827 1224 910 postularei3

242 933 1113 1027 efiinhaaipsa-Vius,1316,1;32,lce'u.

224 1037 226 1042 Ι
286 1053 320 1119 0.
358 1057 416 1134 30,
453 1063 491 1123 4:
545 1062 663 1123 Pacato
697 1063 799 1141 ipilur
831 1062 953 1121 oriente
988 1062 1024 1120 in
1062 1050 1225 1140 Europam

241 1175 436 1239 Aurelianus
470 1179 553 1240 redit
588 1181 687 1241 vider
709 1185 804 1258 atque
827 1178 892 1238 illie
917 1176 1095 1257 Carporum
1119 1180 1224 1257 copias

242 1292 371 1369 adlliait
405 1298 451 1370 el,
481 1263 560 1356 ⁸curn
591 1295 683 1355 illurn
718 1285 887 1372 Carpicum
911 1299 1041 1354 senatus
1063 1293 1223 1354 absentem

244 1416 392 1484 vacasset,
427 1412 599 1472 mandasse
631 1410 733 1470 eloco
756 1411 883 1487 fertur:
922 1408 1106 1487 ›Superest,
1139 1428 1171 1486 p.
1197 1428 1221 1468 e.

241 1533 277 1586 ut
311 1545 362 1586 rne
396 1529 495 1587 etiarn
532 1526 753 1606 Carpisculum
787 1522 931 1586 vocetis.’'
966 1547 1009 1570 *—
1043 1521 1156 1588 Deleta
1187 1545 1222 1600 e,

241 1639 323 1722 quod
365 1661 404 1703 cx
438 1639 551 1704 ultima
585 1639 802 1724 praecedentis
836 1637 980 1703 vocabuli
1015 1639 1136 1722 syllaba
1173 1639 1222 1703 bis

241 1755 358 1838 scripia
388 1755 545 1840 originem
572 1756 680 1836 dcxii,
712 1777 768 1841 pro
791 1760 854 1821 loco
878 1761 942 1819 ioco
965 1755 1222 1820 subsiliusndum

240 1872 297 1932 esi.
885 1855 891 1870 κ

215 2017 220 2045 ι
285 1984 318 2050 O.
345 1991 402 2065 33,
427 1991 461 2052 2:
510 1991 630 2054 Garrus
653 1995 733 2072 repii
755 2000 818 2054 tres
841 1994 991 2070 fuerunt,
1016 1994 1051 2053 in
1070 1993 1121 2053 his
1136 2011 1222 2054 unus

243 2105 395 2181 Odenati,
430 2115 560 2189 arpenta
594 2128 674 2171 auro
707 2111 841 2189 pemmis
870 2127 1017 2187 operosus
1040 2115 1135 2188 atque
1157 2109 1221 2169 dis-

240 2223 367 2284 tinctus.
403 2257 448 2268 -
480 2219 555 2286 Non
588 2223 665 2285 sciis
700 2223 790 2306 capio
823 2221 899 2307 quid
934 2221 996 2286 sibi
1031 2222 1109 2288 velit
1143 2223 1173 2285 h.
1198 2222 1219 2284 l.

240 2356 394 2416 operosus.
442 2334 571 2402 (lanicio
595 2359 779 2419 conspersus
802 2336 972 2422 legendum
996 2358 1072 2401 esse.

284 2448 317 2513 O.
343 2454 402 2528 42,
427 2452 463 2514 5:
517 2455 606 2530 Vide,
639 2475 771 2538 quaese,
803 2427 900 2539 quani
921 2457 1020 2534 pauci
1043 2456 1107 2514 sint
1127 2455 1221 2533 prin-

239 2572 321 2648 cipes
355 2570 443 2645 boni,
480 2579 517 2634 ul
551 2573 626 2633 bene
658 2573 779 2633 dicturn
814 2575 855 2634 sit
889 2591 910 2632 a
932 2557 1078 2650 quadan
1092 2571 1220 2631 rnirnico

240 2703 352 2746 scurra
377 2685 504 2747 Claudii
526 2688 623 2749 huius
646 2687 855 2766 temporibus,
881 2689 917 2746 in
939 2706 1004 2748 uno
1017 2686 1114 2748 anselo
1128 2687 1220 2745 bonas

237 2804 398 2882 principes
430 2823 520 2882 passe
551 2803 706 2883 perscribi
729 2809 823 2892 atque
845 2803 983 2880 depinpi.
1015 2835 1049 2846 -—
1075 2796 1221 2862 Saurram

240 2913 331 2977 illum
360 2913 478 2978 dixisse
502 2915 665 2978 exisiimo:
698 2920 733 2977 in
756 2919 838 2978 nani
861 2917 975 2991 anulo,
1010 2912 1092 2997 quod
1114 2914 1221 2978 neseio

240 3048 282 3090 sn
315 3027 477 3112 aliquanto
512 3030 645 3095 iocosius
676 3031 728 3094 sii.
782 3028 888 3094 Codex
927 3027 1092 3094 Palslinus
1127 3029 1221 3095 habel:

239 3164 335 3207 nano.

542 3551 631 3614 flavi
648 3550 767 3613 vonsu
786 3551 927 3615 laeuus

287 3732 321 3798 Ο.
354 3736 392 3812 6,
427 3735 464 3796 2:
514 3735 646 3797 Omnia*
663 3738 762 3810 seria,
797 3743 912 3798 cuneta
942 3739 1056 3816 previa
1078 3744 1108 3799 et
1131 3741 1223 3821 quasi

244 3854 314 3930 ipsa
337 3871 386 3912 res
406 3873 438 3932 p.
464 3849 570 3914 iubeat
577 3897 586 3927 ,
609 3852 804 3930 aupuranda
827 3859 911 3913 sunt.
936 3885 978 3898 -
1003 3848 1087 3915 Luce
1107 3850 1223 3917 clarius

244 3966 293 4028 esi
327 3972 422 4028 cauta
457 3962 699 4028 resliiuendum.
725 3984 801 4026 esse.
849 3961 980 4028 Prorsus
1003 3964 1110 4028 eodem
1134 3964 1223 4029 modo

245 4079 281 4143 in
310 4079 378 4143 viia
399 4077 524 4144 Claudii
547 4081 584 4157 9,
609 4081 629 4142 2
652 4083 823 4161 naufrapii
845 4079 880 4142 in
903 4083 1091 4162 nuncfrapii
1113 4079 1224 4164 depra-

246 4199 353 4260 vaium
376 4195 528 4260 invenies.
1155 4243 1156 4252 ,

291 4309 325 4374 O.
352 4310 392 4374 17
416 4308 481 4394 (4),
507 4306 546 4372 12‘
588 4309 763 4376 Fanaticus
799 4314 933 4399 quidam
967 4315 1140 4392 intemplo
1165 4314 1226 4380 Sil-
