3190 5114
784 477 881 546 '72

367 683 434 748 loco
469 685 689 749 veteranorum
712 684 907 749 mentionem
929 684 1057 761 fecisse,
1090 704 1222 766 quorum
1246 683 1346 748 animi

367 799 503 865 Antonii
525 801 666 865 oratione
689 803 722 864 et
744 801 960 866 moderatione
984 799 1082 864 erecti
1105 803 1220 864 essent.
1257 775 1368 876 Quad‘

366 922 398 982 et
432 917 581 982 viderunt
613 915 795 1001 Madvigius
830 915 957 1003 (Opusc.
994 938 1023 1000 p.
1060 916 1124 979 203
1158 917 1224 978 not.
1259 915 1290 998 l)
1313 918 1345 978 et

337 1063 339 1066 -
365 1031 484 1098 retusus
507 1030 622 1118 (sua.
647 1031 807 1116 uypomn.
832 1031 857 1095 Ι.
882 1055 912 1115 p.
941 1005 1345 1116 197),quinihi1melius

365 1148 427 1212 sibi
449 1169 611 1212 occurrere
635 1148 760 1227 scribit,
793 1170 888 1233 quam
911 1151 947 1212 ut
969 1148 1095 1234 legatur
1117 1156 1236 1232 quanto
1258 1157 1346 1210 rnetu

364 1269 504 1340 incerta,
540 1272 662 1346 quanta
697 1268 917 1352 sollieitudine.
951 1263 970 1326 i.
994 1285 1020 1327 e.
1046 1286 1200 1346 suspensa
1223 1269 1344 1328 civitas.

364 1377 474 1444 Potius
498 1379 686 1444 crediderim
709 1381 744 1444 in
766 1386 1003 1444 metuueterani
1025 1379 1123 1444 latere
1136 1388 1343 1443 metuetcura.

364 1494 424 1560 Oui
457 1499 563 1560 autem
593 1519 672 1560 cura
704 1500 736 1561 et
766 1501 942 1560 sollicitudo
966 1497 1072 1561 minus
1096 1498 1169 1579 apte
1194 1494 1345 1579 coniungi

363 1632 453 1695 posse
487 1611 651 1690 videntur,
685 1612 712 1675 is
735 1611 886 1696 inspiciat
910 1610 949 1674 ad
971 1608 1041 1674 Aa.
1067 1608 1138 1673 XV.
1166 1612 1216 1674 14.
1241 1606 1281 1672 A.
1307 1613 1344 1684 33

363 1727 454 1792 'Prusa
478 1726 503 1791 Ι.
529 1729 581 1792 40.
607 1729 658 1792 96.

408 1843 447 1909 In
481 1842 601 1908 Antan.
635 1844 677 1908 H.
710 1845 740 1909 5.
768 1847 818 1909 ll.
868 1849 945 1920 Quis
968 1852 1078 1906 autern
1101 1865 1210 1906 meunt
1233 1863 1344 1916 consu-

363 1965 467 2023 latum
498 1969 628 2041 praeter
658 1970 690 2050 te
713 1963 923 2044 Publiumque
948 1961 1110 2053 Clodiane,
1145 1964 1198 2040 qui
1221 1962 1344 2037 vitupe-

363 2086 467 2154 raret,
491 2081 640 2140 inuentus
657 2082 733 2180 *estl
771 2063 868 2140 Cuius
891 2079 1018 2157 quidem
1042 2079 1098 2138 tibi
1113 2078 1237 2155 fotuns,
1263 2081 1345 2138 sicut

366 2195 396 2256 C.
434 2196 565 2257 Curioni
599 2203 717 2256 rnauet.
763 2192 915 2256 Manendi
949 2191 1080 2255 verbum
1102 2192 1252 2276 quoniam
1274 2213 1344 2277 per-

363 2312 458 2393 petuo
493 2312 525 2373 et
559 2311 719 2374 constanti
747 2309 896 2394 loquendi
919 2331 978 2372 usu
1001 2309 1217 2374 accusativum
1240 2309 1345 2392 requi-

363 2427 430 2503 rat,
464 2424 606 2509 plerique
640 2423 775 2487 editores
802 2444 859 2508 pro
882 2427 939 2486 tibi
962 2425 994 2486 et
1019 2426 1150 2486 Curioni
1174 2421 1345 2486 substitue-

363 2544 440 2604 runt
462 2550 492 2604 te
515 2543 547 2604 et
573 2543 756 2618 Curionem,
780 2539 862 2625 quod
885 2543 917 2603 et
940 2539 1111 2603 deteriores
1135 2536 1229 2602 Oodd.
1255 2560 1345 2623 prae-

363 2657 449 2722 bent.
498 2657 609 2722 Malim
644 2663 784 2722 insonet
815 2658 850 2721 in
882 2661 1031 2720 imminet
1054 2656 1227 2740 corrigere,
1263 2655 1345 2740 quod

363 2777 457 2840 huius
494 2776 555 2841 loci
592 2779 756 2840 sententae
794 2774 911 2860 optime
950 2773 1118 2838 convenire
1154 2793 1246 2836 nemo
1281 2793 1345 2836 non

364 2891 459 2956 videt.

407 3007 447 3072 In
469 3006 578 3071 eadem
596 3003 649 3071 Or.
676 3008 735 3084 25,
760 3009 829 3072 622.
842 3010 976 3070 Accessit
999 3015 1036 3068 ut
1062 3008 1194 3070 Caesare
1216 3010 1343 3086 iqnaro,

331 3177 332 3182 ,
363 3129 437 3187 'curn
460 3132 537 3186 esset
560 3126 612 3185 ille
635 3125 872 3197 Alexandreae,
903 3124 1050 3202 beneficio
1073 3125 1250 3187 amicorum
1273 3123 1341 3182 eius

363 3245 516 3321 maqister
550 3243 691 3320 equiturn
726 3243 981 3301 constitueretur.
1030 3234 1135 3299 Verba
1165 3257 1237 3299 curn
1268 3242 1345 3297 esset

208 3407 211 3414 .
301 3445 302 3450 η
362 3358 415 3419 ille
445 3357 665 3418 Aleaanolreae
697 3374 762 3418 non
785 3350 946 3430 Ciceroni,
982 3351 1037 3415 sed
1059 3349 1165 3415 sedulo
1188 3349 1256 3413 ludi
1278 3371 1345 3413 ma·

362 3471 465 3556 gistro
487 3470 594 3535 deberi
617 3469 773 3533 existimo.
805 3467 969 3531 Reiciatur
992 3467 1093 3551 igitur
1107 3467 1142 3529 in
1156 3463 1342 3548 marginem.

362 3587 475 3672 Neque
503 3587 596 3651 aliter
626 3586 728 3650 sentio
761 3584 799 3648 de
823 3605 883 3648 nv.
907 3587 987 3666 quod
1010 3588 1062 3664 fas
1085 3605 1149 3645 non
1173 3591 1234 3658 est,
1265 3602 1344 3664 quae

363 3703 515 3786 leguntur
549 3703 608 3776 34,
643 3701 701 3764 87:
748 3703 862 3763 ideone
897 3702 932 3762 L.
973 3701 1166 3780 Tarquinius
1200 3704 1343 3771 caoctus,

365 3822 417 3901 sp.
457 3820 600 3895 Cassius,
640 3818 692 3898 Sp.
731 3815 881 3891 Maelius,
918 3815 958 3876 M.
997 3815 1137 3874 Manlius
1170 3815 1275 3874 necati
1307 3819 1344 3872 ut

363 3937 475 3997 nrultis
506 3941 578 4015 post
612 3934 745 3994 saeculis
781 3953 801 3993 a
837 3933 878 3992 M.
914 3930 1067 4003 Antonio,
1102 3929 1182 4008 quod
1204 3929 1257 4005 fas
1279 3945 1344 3986 non

364 4059 425 4127 est,
450 4073 509 4113 rea
532 4052 653 4113 Rornae
675 4050 946 4114 constitueretur?
993 4042 1089 4118 Quasi
1112 4063 1185 4106 vero
1208 4041 1344 4105 Romani

363 4163 496 4227 docendi
518 4163 671 4242 fuissent,
702 4183 809 4246 regem
832 4160 950 4224 Romae
974 4158 1127 4223 constitui
1150 4158 1237 4222 nefas
1261 4158 1342 4220 esse!

363 4277 494 4343 Prorsus
509 4277 608 4342 simili
621 4278 701 4342 vitio
715 4276 855 4344 laborare
871 4275 1019 4340 videntur
1035 4276 1087 4353 27,
1112 4275 1153 4340 67
1157 4294 1164 4336 :
1191 4276 1342 4363 Oceanus,
