3190 5114
828 488 867 550 16

353 694 429 753 haec
463 690 652 772 admitterer
681 711 747 752 aaa
769 693 880 782 suerat
902 688 1000 753 nasci.
1049 685 1184 752 Necesse
1207 687 1333 753 videtur

353 808 389 868 nt
412 793 614 890 corrigamus*
628 827 694 868 aaa
717 810 828 886 fuerat
849 806 935 868 tanti
957 807 1056 874 nasei.
1097 804 1184 898 Quod
1197 806 1332 889 vfacilius

352 922 515 1000 concedet,
551 924 606 1006 qni
636 944 730 1007 qnam
753 945 845 1006 saepe
869 926 975 987 noster
997 923 1156 989 locutione
1179 936 1225 988 est
1247 927 1333 989 tanti

351 1058 427 1101 usus
450 1037 493 1101 sit
515 1039 650 1120 reputat.

397 1153 430 1217 Ο.
459 1157 492 1231 1,
519 1156 577 1218 13;
625 1158 664 1216 Ia
698 1176 819 1236 macac
843 1163 1036 1236 ‚tempestate
1066 1160 1222 1237 adparere
1245 1162 1336 1238 quasi

352 1274 459 1335 stellae
493 1275 591 1334 soleat
625 1274 690 1334 veto
726 1273 909 1352 insidentes.
936 1309 978 1318 -
1002 1270 1115 1335 Malim
1149 1276 1242 1337 malo.
1290 1271 1334 1336 Ni

352 1389 437 1453 enim
475 1389 581 1453 omnia
616 1388 732 1474 fallunt
767 1389 801 1451 in
835 1387 918 1452 malo
953 1389 1039 1473 ignis
1074 1386 1104 1452 S.
1140 1387 1243 1467 Enni,
1279 1390 1335 1473 qni

351 1505 443 1570 hodie
467 1508 612 1583 vocatur,
637 1527 702 1569 non
725 1507 760 1569 in
784 1507 853 1570 velo
876 1526 1028 1589 apparere
1052 1505 1140 1571 solet.
1166 1505 1213 1569 Gt.
1240 1503 1331 1569 Anct.

350 1619 428 1684 Bell.
454 1618 522 1683 Afr.
548 1620 608 1697 47,
634 1622 662 1683 6.

395 1735 428 1800 O.
455 1740 491 1814 3,
518 1739 575 1799 12:
622 1740 710 1800 Illud
742 1740 879 1800 dubiam
914 1760 978 1801 esse
1001 1739 1085 1800 nulli
1105 1747 1221 1819 potest,
1256 1739 1333 1818 qaia

351 1875 445 1918 areas
479 1854 585 1934 imc90
620 1855 693 1916 solis
728 1856 770 1916 sit
804 1856 928 1918 roseida
951 1862 981 1916 et
1004 1875 1081 1916 caca
1103 1857 1186 1918 nabe
1209 1877 1334 1938 conrep-

352 1980 386 2032 ta
399 2018 518 2033 ......
556 1972 654 2052 Saepe
689 1972 763 2033 tatic
797 1975 894 2034 nabes
929 1994 949 2033 α
983 1975 1082 2035 latere
1115 1973 1187 2035 solis
1211 1982 1334 2036 estnec

352 2107 465 2149 arcam
502 2086 617 2166 efficit,
653 2087 728 2166 quia
762 2108 827 2150 noa
851 2096 995 2149 carecto
1019 2088 1197 2167 imayiaem
1221 2090 1331 2151 trahit.

358 2204 501 2268 Varietas
536 2212 646 2265 autem
684 2226 748 2266 aon
783 2207 818 2266 ob
853 2207 954 2267 aliam
989 2226 1120 2268 eausam
1150 2208 1203 2285 fit,
1239 2225 1334 2285 quam

352 2324 427 2400 qaia
459 2340 536 2400 pars
572 2322 680 2380 eoloris
717 2323 779 2382 sole
816 2328 862 2381 est
896 2342 1010 2401 sparsa
1039 2325 1074 2382 ia
1096 2324 1178 2384 nabe
1201 2323 1266 2382 illa.
1293 2357 1334 2366 -

352 2435 488 2500 Haasins
523 2436 598 2500 haec
633 2435 727 2500 verbe
761 2437 875 2500 misere
910 2423 1057 2520 corrupta
1084 2436 1250 2500 emendare
1274 2436 1334 2501 sibi

353 2553 440 2617 visus
464 2556 513 2616 est
536 2553 712 2636 supplendo
734 2556 807 2638 post
829 2576 942 2636 sparsa
960 2577 1048 2636 pars.
1093 2553 1181 2630 Quod
1202 2555 1334 2639 probare

352 2690 482 2751 nequeo.
530 2668 664 2733 Minime
696 2670 782 2734 enirn
804 2691 877 2753 pars
901 2668 1012 2734 coloris
1036 2691 1127 2734 arcus
1150 2669 1214 2734 sole
1238 2671 1280 2757 (h.
1306 2692 1332 2734 e.

353 2785 428 2849 solis
450 2784 587 2871 fulgore)
610 2788 667 2859 est¹
681 2808 811 2868 sparsa,
846 2786 900 2850 sed
923 2789 960 2848 ut
985 2785 1104 2870 legitur
1127 2787 1144 2869 ἓ
1171 2789 1228 2849 14:
1252 2790 1335 2849 duae

353 2924 467 2966 caesae
503 2911 577 2966 suat
609 2923 720 2979 areas,
756 2907 799 2966 sol
826 2907 991 2988 nubesque.
1038 2902 1083 2965 Et
1106 2901 1151 2966 sol
1180 2903 1280 2986 igitur
1303 2906 1336 2965 et

353 3020 453 3085 nubes
487 3042 578 3084 arcus
614 3021 726 3084 coloris
757 3022 877 3104 pariter
908 3043 1018 3085 causae
1041 3023 1125 3083 sunt.
1175 3020 1273 3096 Quam
1297 3020 1336 3085 ob

353 3158 420 3200 rem
455 3136 676 3220 corrigendum
707 3139 756 3200 est
789 3142 866 3222 quta
895 3159 973 3218 pars
997 3140 1106 3200 eoloris
1130 3143 1165 3200 ia
1189 3141 1250 3200 sole
1272 3147 1336 3215 est,

350 3273 429 3333 pars
453 3257 488 3314 ia
511 3254 602 3314 trube.

398 3365 447 3445 Π,
483 3369 542 3443 29,
580 3370 595 3430 1
633 3367 691 3430 hoc
725 3367 793 3450 agit
828 3365 857 3431 S.
894 3371 931 3430 nt
962 3369 1101 3431 tonitrus
1125 3369 1280 3453 originem
1303 3372 1336 3432 et

272 3471 276 3480 ¹
354 3489 501 3552 naturam
524 3488 667 3561 enarret3
703 3495 842 3564 actara,
873 3486 918 3548 ita
942 3485 1069 3566 scribit,
1093 3496 1189 3568 aptus
1212 3495 1257 3550 est
1280 3509 1336 3550 aer

355 3607 398 3666 ad
431 3624 525 3665 voces.
561 3605 700 3686 qutaatr
734 3624 805 3666 cam
842 3624 901 3665 voa
934 3607 1017 3665 nihil
1051 3607 1142 3666 aliud
1173 3609 1214 3666 sit
1237 3625 1335 3690 quom

355 3717 435 3783 tetus
458 3740 523 3780 aer.
548 3720 660 3781 debent
682 3739 753 3798 erqo
776 3722 874 3781 nubes
897 3724 1058 3800 utrimque
1081 3724 1181 3782 insert
1197 3729 1227 3781 et
1241 3740 1336 3782 cavae

356 3844 386 3897 et
409 3839 560 3897 intentae.
579 3870 620 3880 -
638 3831 677 3896 V.
703 3838 803 3896 inseri
825 3834 855 3896 h.
881 3834 902 3896 l.
927 3834 1004 3897 ferri
1027 3835 1154 3918 nequit,
1178 3836 1253 3918 quia
1270 3837 1335 3900 fere

357 3951 394 4015 de
430 3951 470 4013 iis
494 3949 629 4045 dicitur,
665 3971 744 4034 qnae
767 3950 873 4014 sedate
898 3953 931 4013 et
952 3951 1075 4034 placide
1099 3951 1337 4037 coniunguntur

356 4071 388 4131 et
410 4068 591 4131 miscentur.
625 4063 683 4143 At,
708 4070 744 4129 ut
767 4069 824 4130 est.
850 4089 876 4130 c.
896 4069 952 4144 28,
979 4070 1013 4132 1:
1037 4090 1102 4131 aaa
1130 4078 1261 4133 tantam
1290 4072 1336 4134 ire

356 4187 453 4246 nubes
490 4191 628 4263 oportet,
664 4186 717 4244 sed
750 4184 803 4263 aqi
826 4204 946 4264 caecae
969 4184 1001 4246 oi
1024 4194 1054 4246 et
1074 4189 1264 4267 procellosa,
1300 4189 1336 4251 ut

356 4299 496 4365 tonitrus
518 4319 612 4363 sonus
637 4298 763 4376 edatur3
788 4300 910 4386 corrige
933 4320 1009 4388 ergo
1031 4302 1160 4384 inferri.
