3190 5114
818 458 861 518 44

395 661 455 744 ΕΡ.
480 660 520 722 51
548 657 635 745 (50),
658 663 696 722 4:
742 660 873 721 Invenio
906 661 1027 736 fossam
1057 676 1078 717 a
1109 637 1330 735 repe'pereus·

352 800 431 842 saur.
457 815 500 826 —
522 774 624 840 Immo
657 795 731 840 vero
761 780 953 858 perductam
984 757 1039 838 (its
1064 770 1151 836 Oaas.
1176 770 1213 834 B.
1239 768 1278 832 G.
1302 767 1328 832 I.
1390 747 1399 766 ⁸

354 899 384 959 8.
420 897 449 958 1.
495 894 625 958 Fossam
655 901 823 975 pereutere
856 913 949 956 nemo
983 911 1132 974 umquam
1163 887 1246 951 dixit
1280 884 1330 950 vel

354 1010 482 1094 scripsit
504 1010 696 1074 mortalium.

396 1129 455 1212 ΕΡ.
483 1128 523 1191 70
547 1127 634 1214 (75),
661 1129 698 1189 1:
743 1121 927 1210 [Aedificia]
962 1144 1045 1211 quae
1079 1129 1155 1185 suut
1177 1126 1334 1182 uetustate

353 1245 517 1325 sublapsa,
556 1235 745 1306 relaaeutur
780 1246 816 1303 iu
849 1242 972 1304 melius.
997 1275 1041 1286 -
1063 1236 1126 1300 Pro
1148 1234 1283 1300 absurdo
1305 1236 1339 1296 ei

353 1360 461 1443 inepto
498 1361 687 1423 relaaeeutur
727 1366 919 1422 retexuntur
954 1353 1213 1419 substituendum
1250 1353 1335 1435 puto.

353 1474 531 1539 Retexendi
570 1475 665 1539 verbo
701 1496 793 1558 saepo
829 1494 898 1537 eam
933 1473 999 1538 vim
1033 1493 1090 1555 par
1122 1470 1340 1554 metaphoram

353 1594 508 1658 tribuum
541 1616 609 1658 esse
633 1595 777 1671 constat,
812 1595 849 1656 ab
871 1594 977 1656 nabot:
1012 1590 1135 1674 aliquid
1158 1590 1339 1666 destruere,

356 1711 439 1795 quod
462 1713 570 1794 postea
594 1710 1014 1785 aliaformarasbaureiu13
1038 1709 1078 1774 of.
1103 1708 1167 1774 oio.
1191 1707 1274 1772 Phil.
1295 1705 1337 1769 Π.

358 1830 417 1904 13,
442 1830 502 1905 32,
527 1825 646 1889 Matius
671 1827 705 1889 in
728 1825 792 1890 Oia.
817 1825 877 1909 Ep.
902 1825 943 1889 ad
966 1823 1039 1890 Div.
1065 1823 1120 1888 XI.
1136 1829 1195 1903 28,
1220 1821 1257 1912 5',
1273 1822 1337 1888 Oia.

356 1939 472 2003 defin.
498 1936 538 2003 V.
566 1942 624 2017 28,
650 1942 701 2003 84.
1100 1983 1104 1996 .

399 2054 459 2138 ΕΡ.
495 2056 537 2118 96
571 2055 658 2140 (97),
696 2056 732 2120 1:
789 2056 945 2118 Sollemue
979 2062 1024 2117 est
1058 2051 1156 2133 mihi,
1191 2057 1338 2131 domiue,

354 2177 464 2236 orauia
497 2176 536 2235 de
570 2176 681 2257 quibus
711 2176 820 2237 dubito
851 2167 902 2234 ad'
917 2180 948 2235 te
969 2178 1099 2253 referre.
1149 2177 1226 2249 Quis
1250 2177 1337 2236 euim

351 2297 452 2369 potest
497 2291 610 2351 melius
652 2292 700 2350 oei
739 2295 974 2354 cunctationem
1009 2312 1115 2353 meam
1149 2312 1255 2372 repere
1289 2293 1336 2352 vel

352 2406 572 2482 ipuoraatiaru
609 2407 786 2466 eutrueret
823 2441 863 2452 -
898 2402 938 2467 In
959 2403 1009 2467 his
1032 2403 1182 2468 ultimum
1204 2403 1336 2467 verbum

353 2527 500 2582 eatruere
535 2521 642 2602 aperie
676 2519 826 2582 vitiosum
856 2523 913 2586 ost.
958 2518 1074 2585 Nescio
1105 2542 1146 2586 an
1169 2526 1336 2585 eatrahere

352 2634 522 2719 legendum
546 2635 588 2698 sit
612 2635 681 2699 coll.
697 2635 759 2701 Oia
772 2637 811 2700 de
822 2635 863 2700 N.
877 2636 915 2702 D.
932 2640 967 2716 1,
992 2642 1052 2716 43,
1067 2641 1148 2701 121:
1177 2643 1335 2721 Epicurus

305 2762 306 2767 ’
352 2775 391 2816 ea
425 2759 545 2817 autoris
569 2749 748 2818 'homiuum
781 2760 938 2819 radicitus
965 2760 1107 2820 eatrahit
1128 2759 1334 2837 relipiouem;

223 2845 225 2852 Ι
255 2955 258 2970 .
351 2868 440 2935 Aoad
464 2869 512 2948 Π,
538 2873 695 2950 34‚108:
721 2875 900 2936 Carneades
913 2895 953 2937 ecc
964 2877 1213 2936 animisnostris
1227 2895 1335 2936 asseu-

352 2993 474 3051 sioaem
499 2994 653 3052 eatraait.
715 3049 723 3060 ,

394 3101 435 3166 In
468 3102 576 3167 eadem
598 3103 748 3187 Epistula
771 3105 789 3186 ἓ
815 3105 833 3168 7
857 3104 934 3168 haee
956 3103 1126 3188 leguntur:
1172 3108 1334 3186 Adfirma-

350 3223 427 3282 baut
461 3229 571 3282 auteur
606 3218 810 3304 [Christiani]
845 3225 929 3283 hauc
961 3225 1062 3300 fuisse
1092 3243 1255 3285 summm
1286 3225 1334 3284 oei

350 3340 462 3418 culpae
493 3359 570 3400 suae
601 3341 806 3413 vetareris,
841 3340 924 3424 quod
947 3346 1048 3400 esseut
1071 3340 1155 3400 soliti
1178 3347 1259 3401 stato
1282 3343 1334 3401 die

350 3461 426 3515 aute
460 3454 562 3514 luceru
596 3457 763 3514 couoeuire
797 3473 989 3538 carraeuque
1019 3455 1140 3516 Christo
1164 3459 1255 3539 quasi
1277 3457 1333 3516 deo

350 3572 453 3632 dicere
492 3591 598 3632 secum
634 3574 788 3648 iuoicem,
830 3592 921 3655 seque
961 3579 1159 3634 sacramento
1196 3592 1261 3634 uou
1298 3576 1333 3634 ia

351 3689 449 3750 scelus
481 3688 618 3776 aliquod·
641 3688 850 3768 obstriupere,
885 3689 938 3750 sed
967 3709 1008 3750 ue
1029 3691 1140 3766 furta,
1174 3710 1214 3750 ue
1236 3690 1334 3750 iatro-

350 3806 455 3878 cinia,
491 3824 532 3866 ue
566 3807 761 3884 despositura
794 3806 947 3886 appellati
976 3807 1187 3885 abuepareut:
1222 3808 1334 3889 quibus

347 3924 488 3998 peractis
514 3940 636 3981 morem
659 3922 718 3981 sibi
740 3922 922 3982 discedendi
945 3923 1063 3999 fuisse,
1096 3940 1269 4003 rursusque
1292 3922 1334 3982 ad

349 4042 542 4118 capiendum
574 4041 678 4101 cibum
707 4041 929 4118 promiscuum
952 4045 1062 4098 tamea
1085 4044 1115 4098 et
1139 4040 1333 4115 iuuoaium;

348 4155 430 4236 quod
473 4156 580 4232 ipsum
614 4156 721 4232 faeere
754 4153 870 4213 riesisse
904 4159 972 4214 cett.
1008 4187 1050 4197 -
1086 4147 1153 4214 Aut
1188 4150 1334 4234 equidem

346 4264 455 4344 fallor,
490 4268 546 4329 sut
579 4267 650 4349 posi
674 4268 779 4327 cibum
802 4262 1003 4350 librariorum
1026 4265 1120 4349 culpa
1142 4265 1256 4330 lacuna
1279 4286 1333 4328 ex·
