3190 5114
844 493 885 554 38

377 695 493 760 dixisse
530 696 560 779 (ἓ
595 693 644 778 9):
702 697 886 760 Educentur
919 700 969 759 bic
1005 701 1058 777 qui
1089 701 1138 759 luc
1168 705 1349 760 nascuntur

377 817 546 895 statimque
576 815 614 875 ab
645 815 790 891 insontia
814 816 922 875 natale
945 816 1047 876 solum
1069 834 1181 877 amare
1204 816 1351 894 frequen·

376 937 446 990 tore
468 935 681 990 consuescant.
716 929 816 1008 Atque
838 933 968 992 utinam
991 936 1059 990 tam
1082 930 1181 991 claros
1202 949 1352 1010 praccep-

377 1027 463 1105 tares
485 1025 666 1120 inducatis,
691 1050 728 1104 ut
750 1047 900 1125 finitimis
924 1048 1048 1125 oppidis
1072 1048 1180 1108 studia
1203 1048 1277 1108 binc
1297 1066 1352 1124 pe-

377 1166 491 1222 tantur
521 1166 589 1221 cett.
638 1156 740 1232 Quum
770 1159 837 1222 tota
860 1158 996 1242 epistula
1017 1179 1082 1223 non
1105 1157 1141 1222 de
1166 1159 1351 1224 inducendis

376 1277 431 1342 sed
465 1275 503 1340 de
540 1273 750 1341 conducendis
772 1277 1026 1361 praeceptoribus
1048 1280 1179 1362 agatur,
1213 1297 1277 1341 non
1301 1283 1351 1340 in-

376 1399 501 1458 ducatis
538 1390 680 1457 Plinium
717 1393 878 1476 scripsisse
916 1393 1022 1471 crede,
1064 1391 1118 1457 sed
1155 1397 1347 1457 conducatis.

377 1508 643 1592 cessasse.

420 1622 477 1688 IV.
504 1627 562 1700 24,
592 1626 630 1685 4:
678 1624 768 1686 Circo
790 1644 847 1686 nos
870 1627 952 1703 ipsos
975 1643 1070 1704 quam
1095 1623 1198 1684 muita
1221 1627 1349 1683 mutata

376 1751 459 1806 sunt.
498 1743 620 1804 Studiis
639 1744 867 1821 processimus,
890 1742 1006 1801 studiis
1026 1741 1202 1820 periclitati
1225 1758 1349 1812 sumus,

375 1878 548 1940 rursusque
577 1861 796 1937 processimus.
845 1858 1043 1935 Profuerunt
1078 1859 1163 1919 nobis
1197 1858 1350 1917 bonorum

376 1977 550 2051 amicitiae,
576 1975 729 2034 tonorum
745 1974 934 2050 obfuerunt,
948 1977 1136 2052 iterumque
1144 1981 1289 2054 prosunt.
1309 2006 1349 2018 -

377 2089 560 2174 Legendum
596 2091 644 2152 est
678 2110 851 2170 rursusque
882 2094 1090 2170 procedimus.
1144 2088 1269 2174 Scripta
1302 2091 1351 2154 est

376 2205 523 2291 Epistula
553 2205 688 2270 Traiano
722 2207 914 2290 imperante,
952 2210 988 2272 ut
1010 2208 1100 2273 docet
1123 2207 1351 2272 Mommsenius

378 2320 524 2406 (Hermes
557 2318 622 2397 IH,
662 2324 689 2382 1.
715 2343 744 2403 p.
771 2320 834 2404 47).
884 2324 1007 2386 Studiis
1027 2327 1255 2404 processimus,
1276 2343 1351 2403 pro-

376 2442 512 2517 fuerunt
538 2437 625 2497 nobis
648 2437 799 2497 bonorum
823 2440 985 2498 amicitiae
1007 2435 1078 2521 (sub
1101 2434 1296 2520 Vespasiano
1319 2439 1351 2499 et

376 2551 478 2635 Tito),
513 2554 628 2613 studiis
655 2553 827 2631 periclitati
850 2573 978 2628 sumus,
1013 2557 1176 2616 amicitiae
1198 2556 1350 2616 bonorum

375 2670 546 2746 obfuerunt
579 2664 650 2750 (sub
683 2662 897 2749 Domitiano),
939 2689 1110 2748 rursusque
1149 2672 1350 2751 procedimus

376 2786 506 2859 studiis,
540 2787 718 2863 iterumque
749 2791 885 2863 prosunt
919 2787 1081 2846 amicitiae
1103 2782 1174 2868 (sub
1192 2782 1347 2866 Traiano).

419 2899 475 2965 IV.
501 2901 557 2977 27,
585 2903 620 2962 1:
654 2903 777 2963 Tertius
800 2905 867 2964 dies
890 2911 953 2979 est,
976 2905 1056 2983 quod
1079 2905 1190 2964 audivi
1213 2906 1349 2965 recitan-

376 3024 439 3078 tem
463 3017 608 3078 Sentium
629 3015 835 3095 Auqurinum
853 3037 926 3078 cum
942 3037 1070 3079 summa
1086 3038 1158 3079 mea
1173 3018 1349 3096 uoluptate,

375 3137 473 3194 immo
495 3135 595 3193 etiam
619 3135 845 3193 admiratione.
866 3166 908 3178 -
925 3129 1152 3215 Corrigendum
1175 3133 1238 3195 est:
1262 3153 1349 3193 sum·
1388 3195 1390 3202 ,

374 3267 429 3308 ma
464 3250 562 3308 etiam
596 3249 819 3308 admiratione.
873 3242 1061 3310 Locutiones
1096 3251 1193 3308 immo
1224 3252 1348 3328 potius,

375 3367 473 3425 immo
496 3367 594 3424 etiam
617 3383 731 3445 pravae
755 3363 787 3425 et
814 3360 962 3427 barbarae
979 3361 1163 3427 Latinitatis
1180 3384 1247 3428 esse
1260 3363 1349 3428 docet

374 3479 475 3544 Krebs
499 3479 533 3543 in
556 3477 768 3544 Antibarbaro
792 3481 834 3565 (p.
861 3482 923 3544 487
949 3480 988 3546 ed
1010 3478 1058 3545 IV
1081 3481 1346 3566 Allgaijerianae).

417 3594 457 3659 In
490 3583 598 3659 aridem
632 3594 691 3678 Ep.
729 3596 745 3677 9
782 3593 962 3679 2legitur:
1007 3597 1131 3677 Aliquot
1154 3602 1250 3659 annis
1270 3605 1349 3678 puto

374 3713 456 3773 nibil
478 3716 601 3793 poneris
625 3713 766 3773 eiusdem
789 3712 962 3773 absolutius
986 3716 1159 3792 scriptum,
1182 3717 1247 3775 nisi
1267 3699 1350 3792 sorte

374 3849 425 3889 me
459 3829 547 3906 follit
569 3833 628 3888 out
652 3846 742 3888 amor
765 3829 833 3888 eius
856 3833 913 3886 aut
937 3829 1017 3904 quod
1040 3829 1147 3906 ipsum
1170 3847 1221 3889 me
1242 3829 1349 3890 laudi-

374 3946 429 4004 bus
453 3946 548 4005 venit.
573 3976 615 3989 -
640 3938 782 4004 Plinium
806 3944 908 4003 euenit
923 3939 1182 4023 scripsissaputa
1208 3940 1348 4006 Verbum

374 4061 500 4119 evehere
524 4055 609 4120 enim
633 4055 706 4118 inde
729 4054 768 4119 ab
791 4052 931 4139 Augusti
944 4053 1137 4137 temporibus
1150 4055 1232 4121 idam
1244 4061 1346 4136 notat,

374 4171 457 4255 quod
490 4171 573 4256 apud
606 4171 800 4255 antiquiores
824 4173 945 4251 efferre.
993 4167 1039 4233 Of.
1065 4169 1161 4258 Varg.
1186 4169 1264 4238 Aen.
1289 4172 1344 4238 VI.

376 4289 455 4353 130:
509 4292 626 4366 Pauci,
666 4309 738 4368 quos
778 4307 896 4368 aequus
933 4293 1055 4351 amovit
1089 4293 1250 4374 luppiter,
1289 4300 1347 4355 aut
