3190 5114
433 1327 466 1424 0.
518 1323 808 1450 soutarius
848 1321 1239 1438 TRANQUILLUS.

390 2001 552 2080 Tiberius,
585 2005 644 2068 62:
689 2007 791 2069 Auait
813 2008 1011 2090 intenditque
1034 2008 1221 2080 saeuitiam,
1254 2025 1329 2068 ena-

346 2120 488 2182 eerbatus
523 2096 642 2182 indicio
675 2124 714 2182 de
748 2128 849 2183 nrorte
883 2123 943 2201 fita
977 2129 1028 2184 sui
1061 2123 1169 2184 Drusi.
1227 2121 1327 2194 Quern

289 2254 292 2262 ·
345 2257 418 2298 eum
464 2239 569 2298 morbo
607 2245 637 2298 et
682 2241 934 2318 intemperantia
969 2243 1089 2318 perisse
1127 2240 1327 2300 eaistinraret

345 2360 414 2415 cett.
439 2391 482 2399 —
505 2351 713 2416 Existimesse
748 2353 910 2417 Tiberium
946 2353 1150 2431 crediderim,
1186 2351 1326 2416 Drusum

343 2471 461 2554 perisse
495 2474 600 2533 ntorbo
632 2495 671 2536 en
694 2477 955 2553 intemperantia.
1002 2469 1063 2535 Sed
1089 2471 1167 2535 haee
1191 2470 1323 2534 minore.

294 2643 297 2650 .
344 2585 447 2651 Multo
483 2587 708 2670 corruptiorem
742 2587 846 2653 losum
869 2587 1031 2653 invenisse
1054 2586 1135 2651 mihi
1157 2585 1266 2650 videor
1288 2586 1323 2650 in

344 2703 410 2767 vite
433 2701 571 2768 Neronis
596 2726 621 2768 o.
649 2706 708 2783 12,
732 2704 787 2768 ubi
810 2705 886 2769 haee
909 2703 1079 2789 leguntur:
1125 2705 1271 2766 Instituit
1295 2710 1324 2764 et

343 2826 581 2911 quinquennale
604 2832 766 2887 certarnen
786 2829 914 2905 prirnus
942 2827 1089 2886 oninium
1104 2824 1224 2884 Rornae
1238 2840 1325 2882 neore

346 2937 463 3000 Graeco
487 2939 624 3019 triplen,
659 2943 820 3001 nrusieurn
841 2929 1027 3019 qprnnieurn
1051 2943 1207 3020 equestre,
1242 2935 1325 3020 quoa

343 3056 516 3136 appellavit
540 3056 701 3133 Neronia,·
729 3057 942 3140 dedicatisque
965 3057 1096 3129 therrnis
1119 3060 1213 3136 atque
1234 3071 1324 3130 pyrn-

342 3174 454 3248 nasi0,
494 3171 622 3233 senatui
661 3191 780 3254 quoque
817 3180 847 3234 et
886 3175 983 3255 equiti
1020 3172 1124 3234 oleunr
1165 3169 1322 3250 praebuit.

344 3288 510 3367 Maqistros
534 3290 593 3349 toti
614 3256 794 3349 certamini
797 3291 984 3369 praeposuit
1000 3288 1178 3350 consulares
1193 3295 1298 3348 sorte
1307 3326 1321 3368 ‚

343 3414 438 3468 sede
456 3417 701 3480 praetorum.
721 3439 764 3451 —
780 3401 853 3466 Viri
876 3402 960 3467 doeti
983 3402 1142 3469 affirment
1156 3405 1323 3489 postremis

342 3524 447 3589 verbis
471 3523 664 3608 signifioeri,
698 3519 876 3586 oonsuleres
900 3521 982 3582 sorte
1006 3518 1103 3582 lectos
1125 3520 1217 3584 novis
1239 3519 1322 3583 ludis

343 3640 537 3723 praepositos
561 3661 642 3718 esse,
668 3639 724 3722 qui
746 3658 782 3701 eo
805 3636 873 3701 looo
895 3635 1124 3719 praesiderent,
1148 3658 1209 3721 quo
1228 3635 1323 3701 Prae·

341 3756 425 3818 tores
461 3754 543 3818 ludis
578 3752 755 3838 praesidere
788 3753 1014 3816 consueverant
1045 3750 1065 3813 i.
1091 3771 1116 3813 e.
1152 3751 1322 3829 tribunali,

342 3871 380 3936 de
414 3893 476 3956 quo
510 3872 630 3937 mentio
665 3871 750 3935 feste
784 3870 832 3932 est
866 3868 901 3931 in
923 3868 990 3932 rite
1012 3865 1096 3951 Aug.
1122 3870 1182 3945 44,
1213 3866 1320 3932 Oleud.

343 3988 394 4050 21.
442 3986 539 4051 Mitto
574 3986 656 4070 quod
690 3985 800 4050 durius
834 3985 1026 4048 oonourrunt
1060 3992 1142 4046 sorte
1173 3987 1205 4047 et
1235 3989 1322 4063 sede,

342 4102 396 4166 sed
432 4123 515 4187 nego
548 4105 632 4166 reete
667 4101 782 4165 Latine
816 4099 880 4163 disi
909 4120 999 4182 posse
1022 4101 1202 4188 eqnsuiares
1224 4110 1322 4178 sorte,

341 4237 399 4301 pro
442 4221 622 4284 consulares
662 4226 744 4282 sorte
781 4218 861 4280 teeti.
919 4213 1085 4279 Praeterea
1122 4217 1324 4282 vehementer

342 4335 470 4418 dubito,
495 4359 573 4403 num
597 4337 767 4420 imperator
783 4332 952 4418 quidquem
971 4333 1173 4399 constituerit
1188 4335 1226 4398 de
1241 4331 1323 4413 losa,
