3190 5114
748 460 767 523 5

268 659 420 724 rationem
441 659 554 738 habes,
578 662 632 726 sed
653 661 736 746 quod
757 661 912 728 translata
926 660 1158 746 significatione
1178 682 1243 726 non

266 775 330 840 nisi
352 777 435 862 apud
458 775 609 843 naevium
627 779 801 865 legebatur,
823 801 918 864 quam
940 778 1065 843 obrem
1088 775 1127 842 Α.
1141 774 1244 842 Gellio

245 865 253 884 i
266 893 332 979 (19,
346 894 375 970 7,
389 893 444 978 10)
466 893 727 978 interpretatione
750 901 846 981 egere
866 895 970 960 visum
994 896 1051 958 est.
1063 893 1224 979 Equidem
1236 944 1245 974 ,

265 1007 377 1092 paulo,
411 1010 520 1089 fateor,
544 1009 701 1092 audacius,
725 1014 862 1077 solidum
886 1010 1087 1076 scribendum
1111 1010 1241 1075 conicio.

310 1120 343 1186 Ο.
380 1126 443 1202 33,
477 1126 515 1187 1:
538 1134 667 1208 propter
702 1127 898 1212 [pecuniam]
932 1148 1078 1191 unorum
1113 1131 1245 1190 marito-

265 1257 398 1319 rumque
429 1247 533 1302 noctes
566 1249 713 1322 strepunt
734 1244 843 1304 litibus
879 1249 908 1304 et
940 1243 1117 1304 tribunalia
1140 1244 1244 1323 mapi-

264 1365 426 1421 stratuum
445 1333 578 1439 ¹premit
608 1362 722 1436 turba,
759 1380 845 1440 repes
869 1362 1017 1422 saeuiunt
1050 1363 1244 1440 rapiuntque

264 1480 293 1535 et
316 1477 477 1538 civitates.
493 1521 500 1536 .
515 1521 544 1537 ..
570 1483 724 1538 evertunt.
743 1511 784 1523 -
797 1473 926 1558 Oorrige
949 1477 1139 1556 rabiuntque
1170 1472 1238 1537 coll.

262 1586 322 1672 Ep.
348 1590 411 1666 92,
438 1591 500 1653 16:
531 1589 650 1654 Videbis
673 1595 795 1655 eosdem
830 1592 919 1654 intra
942 1590 1095 1671 esciquum
1117 1598 1242 1670 tempus

263 1705 418 1770 acerrime
440 1706 545 1771 ridere
568 1714 598 1770 et
620 1709 775 1772 acerrime
799 1710 908 1772 rabere
931 1707 951 1770 i.
977 1727 1003 1770 e.
1028 1705 1141 1771 fruere.

679 1911 822 1921 ---—-·-.

405 2052 481 2114 oter.
496 2050 523 2113 Vl
541 2054 566 2114 8.
584 2051 625 2114 Αὓ
644 2050 779 2114 utacum
798 2051 838 2114 DE
854 2049 1096 2114 CONSOLAUONE.

308 2275 342 2338 Ο.
370 2277 398 2355 1,
423 2278 462 2339 2:
485 2285 620 2341 mortem
654 2277 690 2340 A.
719 2276 874 2342 Oremutii
907 2276 1004 2339 Cordi
1022 2277 1168 2357 parentis
1191 2273 1242 2337 tui

263 2399 421 2472 quantum
439 2399 577 2473 poteras,
601 2393 791 2457 inhibuisti:
812 2401 983 2474 postquam
1007 2394 1064 2456 tibi
1087 2390 1243 2474 adparuit

263 2505 348 2569 inter
382 2506 569 2570 Seianianos
592 2507 741 2570 satellites
772 2507 863 2570 allam
886 2529 989 2570 unam
1010 2481 1122 2588 patere
1147 2505 1244 2568 servi-

262 2626 341 2685 tutis
371 2626 506 2704 fuqam,
540 2645 605 2686 non
628 2625 740 2703 favisti
774 2625 1016 2702 consiliosius,
1052 2627 1105 2690 sed
1128 2623 1243 2687 dedisti

262 2760 380 2802 manus
413 2739 497 2802 victa
522 2740 698 2820 fudistique
720 2742 880 2803 lacrimas.
906 2743 1019 2821 palam
1054 2748 1084 2803 et
1106 2739 1243 2821 qemitus

262 2834 420 2917 decorasti
443 2854 569 2935 quidem
583 2901 590 2931 ,
606 2865 679 2916 'non
701 2862 811 2946 tamen
834 2855 935 2918 hilari
957 2858 1065 2935 fronte
1088 2852 1197 2917 teocisti
1213 2860 1243 2916 et

261 2975 317 3035 boc
345 2971 398 3034 illo
421 2973 543 3047 seculo,
578 2991 636 3052 quo
662 2992 779 3052 maqna
806 2970 910 3052 pictas
933 2979 1002 3034 crat
1037 2970 1121 3034 nihil
1143 2968 1242 3048 impie

261 3092 375 3168 facere.
400 3124 442 3134 -
466 3083 639 3151 Offendunt
670 3089 848 3170 rapulam
871 3096 901 3150 et
922 3086 1059 3168 qemitus
1082 3082 1240 3148 decorasti

261 3203 407 3285 quidem,
453 3223 527 3266 nam
560 3223 624 3266 non
662 3204 751 3286 potes
784 3223 849 3266 non
883 3221 1015 3286 rogare:
1051 3197 1128 3284 quid
1163 3218 1239 3282 ergo

261 3314 381 3381 Marcia
403 3315 582 3394 devoravit,
620 3316 640 3379 i.
666 3337 691 3379 e.
717 3315 881 3381 abscondit
904 3319 936 3380 et
970 3315 1055 3378 intra
1077 3335 1109 3378 se
1138 3311 1240 3377 conti·

260 3434 352 3512 nuit,
375 3421 498 3518 praeter
521 3433 685 3518 gemitus?
708 3433 752 3496 Et
775 3454 969 3518 responsum,
993 3430 1098 3510 credo,
1122 3431 1240 3495 frustra

260 3549 392 3633 quaeris.
428 3546 533 3614 Possis
564 3549 705 3639 conicere
729 3548 929 3614 scribendum
963 3569 1029 3612 esse
1064 3549 1240 3631 fudistique

259 3664 409 3728 lacrimas
439 3666 560 3746 palam.
596 3671 626 3726 et
664 3663 799 3746 qemitus
834 3671 915 3742 cett,
939 3664 972 3726 at
1005 3660 1101 3726 talem
1135 3660 1239 3726 luctus

259 3780 503 3844 ostentationem
525 3778 663 3855 Marciae
685 3780 842 3864 imputare
865 3779 980 3856 nolim,¹
999 3799 1072 3843 cum
1094 3799 1236 3863 praeser-

259 3895 319 3958 tim
352 3896 490 3980 gemitus
512 3894 717 3960 devoraverit.
764 3894 873 3960 Potius
905 3892 1092 3959 crediderim
1122 3897 1236 3978 palam

259 4012 398 4097 spuriam
435 4035 545 4079 vocem
579 4034 668 4091 esse,
703 4007 854 4079 Senecam
876 4035 910 4078 re
944 4035 1027 4079 vera·
1051 4012 1235 4097 scripsisse:

256 4131 403 4210 planctus
427 4139 457 4193 et
479 4131 616 4212 qemitus
639 4132 798 4195 devorasti
820 4132 956 4214 quidem.
982 4128 1062 4196 (lum
1074 4131 1241 4216 parentis,-

259 4245 305 4310 ita
327 4244 447 4325 scribit,
470 4246 637 4313 consilium
659 4250 781 4314 mutare
804 4270 868 4326 non
882 4249 1046 4335 potuisses,
1064 4249 1230 4316 summisso
