3190 5114
725 501 766 560 23

251 699 365 775 scribo,
402 709 567 781 tamquam
602 723 653 765 me
678 723 751 764 cum
773 702 916 766 manime
938 704 1123 771 scribentem
1146 731 1231 774 mors

251 826 419 879 evocatura
442 818 492 880 sit.

295 934 354 1018 Ep.
382 935 439 1012 54,
465 936 497 999 7;
536 939 601 999 Hoc
625 937 682 998 tibi
705 941 742 999 de
765 960 816 1000 me
840 940 956 1020 recipe:
980 963 1045 1004 non
1068 943 1229 1023 trepidabo

248 1056 290 1114 ad
325 1061 484 1129 eatrema,
518 1054 584 1115 iam
604 1063 821 1134 praeparatus
844 1077 916 1117 sum
940 1064 1008 1119 cett.
1035 1093 1075 1104 -
1100 1058 1229 1123 Reobior

246 1170 279 1231 eb
303 1168 479 1252 elegantior
501 1167 587 1231 loeus
611 1169 689 1241 erit,
714 1169 742 1230 si
764 1171 879 1249 recipio
903 1172 1074 1254 scripserim

290 1280 349 1366 Ep.
375 1277 436 1359 64,
466 1285 503 1346 8:
549 1285 615 1346 Hoc
648 1284 804 1364 asperitas
838 1288 1000 1350 oculorum
1035 1293 1226 1355 conlevatur.

246 1403 301 1461 hoc
331 1402 561 1486 palpebrarum
586 1401 762 1462 crassitudo
786 1408 949 1463 tenuatur.
974 1405 1030 1466 hoc
1053 1405 1100 1466 ois
1124 1407 1228 1468 subita

246 1522 275 1575 et
297 1519 412 1577 humor
436 1516 602 1578 avertitur.
623 1551 666 1562 —
683 1512 890 1577 Scribendum
902 1518 951 1577 est
963 1524 1078 1580 tumor.
1105 1517 1227 1584 Humor

244 1628 404 1692 oculorum
445 1629 533 1691 nullo
574 1628 665 1691 modo
699 1628 809 1711 opinor
843 1650 899 1712 pro
933 1630 1042 1694 morbo
1075 1633 1226 1712 hebetum

244 1743 376 1808 habetur
409 1749 513 1810 tumor
548 1747 567 1808 i.
594 1767 619 1809 e.
652 1745 782 1809 inflatio
809 1746 847 1809 oi.
872 1745 935 1810 Cio.
961 1746 1049 1812 Tuso.
1074 1748 1138 1827 IV,
1164 1752 1226 1829 37,

246 1861 304 1922 81:
329 1863 429 1924 Citius
452 1864 639 1943 repentinus
663 1864 826 1924 oculorum
838 1871 945 1925 tumor
958 1873 1104 1941 sanatur,
1129 1888 1225 1946 quam

244 1977 403 2041 diuturna
426 1980 585 2060 lippitudo
609 1980 787 2059 depellitur.
835 1976 906 2041 Sen.
933 1975 1015 2042 Diel.
1042 1979 1081 2043 V.
1109 1983 1160 2045 39.
1187 1987 1224 2046 2:

243 2113 299 2154 nec
322 2096 423 2156 oculos
446 2101 605 2156 tumentes
629 2095 872 2174 temptabimus,
900 2096 966 2156 nim
988 2095 1135 2176 riaenten
1160 2119 1223 2161 mo·

242 2213 341 2271 nendo
364 2211 543 2273 incitaturi.
878 2295 881 2301 Ι

284 2324 343 2409 Ep.
370 2328 427 2402 66,
452 2327 507 2390 40:
530 2348 595 2390 non
618 2335 663 2389 est
686 2326 832 2398 dubium,
857 2327 976 2407 iuquit,
998 2332 1076 2410 quin
1100 2315 1223 2411 felicior

238 2445 279 2506 sit
303 2445 488 2506 inconcussa
512 2447 670 2518 valitudo,
695 2464 791 2524 qnam
815 2466 854 2506 erc
877 2447 1025 2524 previbus
1049 2451 1219 2512 morbis...

237 2560 272 2621 in
306 2567 407 2620 tutum
437 2561 469 2622 vi
492 2565 632 2641 quadam
655 2569 685 2623 et
706 2559 868 2641 patientia
893 2565 1014 2624 educta.
1040 2599 1083 2610 -
1114 2565 1165 2628 Vis
1188 2567 1221 2628 el

233 2675 395 2755 patientia
430 2673 537 2757 inepte
572 2675 602 2738 h.
628 2675 648 2738 l.
675 2676 827 2760 coniungi
851 2677 931 2740 mihi
954 2677 1112 2741 videntur.
1163 2677 1222 2742 Pa-

235 2789 350 2852 tientia
373 2789 459 2852 enim
482 2792 626 2873 quamvis
651 2813 746 2876 aegro
770 2792 1015 2857 commendando
1031 2795 1090 2870 sit,
1113 2798 1222 2858 tomen

236 2927 409 2990 numquam
450 2908 534 2971 inber
576 2930 685 2972 cousus
725 2909 865 2974 effioooes
900 2911 1060 2974 numerari
1095 2914 1220 2995 potest,

237 3023 350 3106 quibus
385 3025 420 3088 in
442 3029 549 3090 tulum
572 3026 726 3092 educitur.
776 3028 990 3112 Cogitandum
1014 3032 1121 3092 autem
1142 3030 1172 3093 h.
1198 3030 1219 3092 l.

238 3142 285 3203 est
320 3140 356 3204 de
390 3141 423 3204 vi
458 3145 490 3205 et
513 3144 632 3208 virtute
654 3144 966 3208 medicamentorum.
1014 3143 1099 3219 Quae
1123 3167 1221 3229 quum

238 3256 325 3319 nullo
354 3257 505 3323 vocabulo
526 3261 724 3343 frequentius
748 3260 968 3344 exprimentur
991 3281 1086 3345 quam
1106 3271 1220 3343 poten-

237 3375 300 3450 tia,
324 3373 383 3436 hoo
406 3375 510 3457 ipsum
533 3373 733 3438 scribendum
757 3397 824 3438 esse
847 3377 977 3441 eonioio.
1024 3376 1070 3443 Of.
1093 3376 1219 3442 Plinius

236 3487 275 3550 H.
300 3486 340 3551 N.
368 3489 427 3564 37,
454 3489 511 3565 10,
537 3489 595 3552 54:
619 3491 758 3551 Achatae
778 3493 958 3570 potentiam
979 3495 1092 3556 babere
1109 3503 1219 3556 contra

237 3607 412 3687 scorpiones
435 3608 588 3668 dicuntur
598 3629 610 3684 ,·
642 3607 701 3682 31,
736 3608 771 3683 1,
798 3609 834 3669 1:
869 3611 1040 3689 Aquarum·
1056 3611 1219 3690 potentiae

236 3727 382 3804 enempla
413 3745 570 3804 ponemus
578 3745 590 3801 ,¹
628 3725 685 3797 28,
714 3724 751 3798 9,
777 3726 837 3788 38:
875 3729 962 3801 Quae
984 3727 1069 3790 ratio
1093 3729 1218 3812 adipis,

236 3844 347 3901 eadem
370 3842 434 3903 seni
457 3850 519 3917 est,
543 3861 609 3903 non
632 3842 766 3904 minoris
790 3845 958 3924 potentiae.

238 3963 248 3971 “
280 3955 430 4019 Eiusdem
461 3957 519 4040 lap.
545 3959 605 4021 41:
640 3960 696 4037 illa
719 3957 823 4034 enim,
859 3980 938 4039 quae
961 3958 1099 4039 fortuita
1122 3968 1214 4034 sunt,

230 4074 415 4157 plurimum
449 4075 647 4137 discriminis
682 4075 850 4156 recipiunt.
888 4077 1106 4139 aestimantur
1129 4076 1216 4138 enim

234 4192 377 4252 utilitate
400 4193 606 4254 sumentium.
621 4229 663 4240 -
677 4189 906 4276 Corrigendum
929 4214 996 4256 esse
1009 4195 1215 4257 sentientium
1238 4267 1240 4272 ¹
