3190 5114
704 497 745 559 39

242 715 358 774 ardens
392 713 495 772 evenit
527 709 570 769 ad
592 710 722 768 aethera
745 710 868 784 cirtns;
892 704 975 768 Dial.
1001 705 1039 768 de
1062 703 1131 770 Orr.
1159 709 1218 771 13:

241 832 312 891 licet
346 828 413 888 iilos
448 823 627 888 certamino
662 829 692 883 et
721 823 949 901 periculosus
972 824 1015 883 ad
1037 824 1218 885 oonsnlotns

223 947 411 1007 'evenerint

283 1059 322 1126 V.
358 1063 394 1136 3,
432 1059 467 1122 7:
514 1059 621 1120 Recito
660 1064 785 1131 tamen,
820 1057 902 1134 qnod
936 1056 983 1115 itti
1012 1038 1063 1115 ‘cn
1084 1056 1219 1133 fecerint

240 1179 352 1238 nescio.
399 1175 525 1234 Etiorn:
561 1173 613 1233 sed
648 1171 696 1231 ilbi
732 1171 850 1230 indicio
884 1188 940 1229 sno
971 1175 1122 1248 poterant
1156 1190 1219 1231 esse

241 1294 396 1366 contenti,
431 1292 512 1350 niihi
547 1289 716 1348 modestior
751 1287 933 1345 constantio
970 1291 1028 1359 est,
1064 1303 1160 1363 ononi
1182 1291 1219 1344 nt

243 1413 319 1472 satis
353 1409 532 1470 abscintnrn
552 1410 665 1485 pntern
688 1405 769 1482 qnod
792 1423 813 1462 o
836 1398 887 1463 ine
907 1404 1066 1481 probetur.
1092 1438 1134 1448 -
1157 1399 1219 1464 Pro

243 1523 351 1605 inepto
373 1523 553 1584 constantio
576 1521 768 1580 conscientia
791 1514 1025 1580 restituendum
1048 1515 1105 1576 est.

287 1635 326 1701 V.
353 1639 372 1701 8
407 1634 527 1699 Titinio
561 1632 725 1716 Capitoni,
761 1633 817 1716 qui
840 1653 872 1695 se
896 1634 931 1694 ut
954 1630 1119 1693 historiam
1142 1630 1219 1694 scri-

244 1753 332 1816 beret
354 1751 496 1814 hortatus
511 1750 593 1826 erat,
615 1746 784 1830 respondet
800 1745 941 1824 Plinius,
964 1766 997 1809 se
1012 1747 1081 1808 tum
1093 1745 1219 1815 demum

245 1869 339 1932 amici
374 1865 505 1931 consilio
539 1863 781 1940 obsecuturum,
816 1885 914 1948 quum
949 1864 1107 1942 actiones,
1141 1883 1218 1946 quas

245 1985 336 2048 edere
370 1985 405 2047 in
428 1983 533 2046 animo
556 1981 682 2050 habeat,
710 1981 938 2044 retractaverit.
986 1978 1109 2045 Deinde
1131 1978 1219 2044 addit

246 2104 262 2185 9
288 2103 343 2164 12;
393 2105 439 2164 Tn
461 2109 571 2163 tomen
594 2104 662 2161 iarn
684 2119 771 2160 nnnc
793 2103 895 2179 sopito
918 2119 997 2178 qnae
1014 2102 1218 2179 potissimum

245 2227 388 2299 temporo
422 2220 598 2298 oppredicr.
646 2213 730 2289 Quae
764 2214 860 2277 verba
881 2213 1042 2298 legentem
1067 2214 1218 2298 cogitatio

243 2335 358 2412 subiit,
393 2332 533 2417 possitne
567 2352 673 2395 eorum
707 2351 765 2413 ope
798 2329 901 2394 Taciti
930 2329 1017 2394 locus
1041 2329 1217 2408 emendari,

243 2451 298 2534 qui
333 2449 428 2514 variis
462 2447 562 2511 modis
587 2447 650 2510 iam
673 2468 691 2509 a
714 2445 791 2509 viris
815 2445 915 2509 doctis
938 2468 1049 2529 parum
1072 2468 1220 2530 prospero

242 2566 358 2629 eventu
395 2567 537 2629 tentatus
576 2565 631 2626 est.
688 2561 806 2639 Locus,
845 2583 939 2646 quom
976 2563 1064 2642 volo,
1102 2563 1221 2649 legitur

241 2677 325 2743 Hist.
362 2678 394 2756 I,
427 2682 464 2758 2,
491 2681 526 2742 1:
575 2681 660 2758 Opns
697 2680 866 2758 adpredior
901 2682 1046 2759 opintnrn
1080 2682 1219 2756 casibus,

241 2806 333 2860 atron·
353 2799 500 2876 proeliis,
532 2799 649 2857 discors
672 2794 896 2868 seditionibus,
930 2797 1001 2873 ipsc
1024 2797 1122 2855 etiarn
1142 2814 1220 2874 pace

242 2933 375 2977 saevom.
400 2907 579 2975 Secundum
594 2907 699 2971 Taciti
715 2905 876 2970 scribendi
888 2927 1004 2990 genus,
1029 2906 1085 2990 qui
1096 2907 1220 2990 saepius

241 3031 397 3096 adiectiva
431 3051 502 3093 cum
525 3026 596 3090 aliis
621 3025 831 3089 substantivis
856 3024 1024 3108 coniungit
1046 3029 1140 3107 atque
1164 3023 1220 3100 iis,

242 3170 321 3233 quae
356 3147 459 3231 logica
481 3145 561 3208 ratio
585 3143 732 3207 indicare·
751 3121 894 3219 videtur,
920 3162 997 3224 opus
1019 3143 1109 3205 atrox
1132 3162 1222 3225 proe-

160 3347 163 3355 ‹
243 3263 315 3341 liis,
350 3261 468 3326 discors
499 3257 727 3334 seditionibus,
763 3257 831 3339 ipsa
862 3255 958 3320 ctiam
981 3277 1058 3340 pace
1081 3277 1222 3332 saevom,

245 3383 293 3444 est
328 3401 422 3463 opus,
459 3378 493 3441 in
527 3397 588 3461 quo
622 3377 731 3460 agitur
765 3373 803 3436 de
834 3373 962 3456 proeliis
985 3373 1160 3451 atrocibus,
1184 3373 1222 3438 de

246 3495 453 3561 seditionibus
491 3492 706 3570 discordibus,
750 3490 788 3554 de
825 3491 912 3574 pacis
949 3493 1088 3574 tempore
1126 3491 1222 3555 etiam

247 3633 347 3676 saevo.
403 3610 490 3674 Haec
524 3609 630 3673 omnia
664 3606 888 3692 quodammodo
923 3605 1049 3671 detondi
1079 3610 1219 3692 possunt.

247 3728 307 3794 Sed
330 3728 438 3814 qualos
462 3728 537 3791 sunt
561 3746 650 3789 casus
666 3723 782 3807 opimi,
805 3743 899 3806 quos,
923 3722 1055 3787 eandem
1066 3724 1221 3789 rationem

247 3849 388 3923 secutus,
412 3844 520 3908 eodem
543 3843 652 3906 tenore
676 3840 932 3903 commemoratos
959 3832 1069 3902 vides?
1103 3839 1221 3905 Haere-

246 3961 296 4024 bis
319 3961 354 4023 ni
387 3958 497 4036 fallor,
534 3956 656 4020 utiam
678 3953 774 4017 multi
796 3953 831 4016 in
854 3949 963 4016 iisdem
989 3953 1092 4017 verbis
1116 3953 1222 4020 haese-

248 4077 331 4140 runt.
379 4073 470 4137 Hauc
501 4072 540 4137 ob
570 4091 698 4135 causam·
728 4068 852 4152 saepius
876 4067 940 4130 iam
963 4071 1037 4131 sunt
1060 4091 1079 4132 a
1102 4070 1221 4134 criticis

248 4193 368 4256 vexata.
425 4187 468 4250 Ut
502 4188 593 4272 plura
626 4189 767 4262 taccam,
802 4182 882 4247 alius
914 4186 1047 4263 ptennni
1083 4189 1220 4266 cosibns,
1280 4191 1283 4198 ’

247 4309 355 4388 opibus
377 4306 498 4368 cusibns
522 4302 618 4380 alius,
643 4301 724 4365 alius
747 4299 882 4383 denique
906 4303 1075 4379 inopinum
1099 4305 1219 4366 cosibns
