3190 5114
852 457 893 520 46

424 653 457 720 O.
484 657 541 720 23:
598 658 636 720 Ut
666 635 794 742 quidem
825 665 925 724 isdem
956 667 1095 744 vestipiis
1119 670 1267 732 institisti
1292 675 1362 753 qui·

378 774 438 837 bus
454 794 574 853 pareus
597 782 689 852 tuus,
714 779 825 858 inpens
849 779 929 840 iilud
952 782 1086 843 deorum
1106 786 1296 863 prolaturus
1309 807 1364 848 ar·

379 911 515 969 eanum,
548 913 628 976 quae
661 897 942 958 circumstantium
964 901 1106 977 paudia!
1137 921 1233 981 quam
1257 923 1364 966 recens

378 1009 516 1070 clamor!
541 1043 579 1056 -
606 1005 708 1072 Immo
743 1031 816 1075 vero
850 1034 971 1094 repens.
1019 1011 1065 1078 Of.
1102 1013 1157 1079 sil.
1194 1015 1265 1082 Ital.
1296 1016 1362 1096 ΙΠ,

380 1123 461 1187 220:
503 1146 675 1206 repensque
711 1127 824 1190 Castra
859 1132 962 1208 quatit
996 1130 1137 1204 clamor;
1172 1127 1251 1196 Stat,
1286 1130 1361 1195 Teb.

378 1237 459 1319 VII,
492 1241 574 1306 360:
604 1247 742 1325 vocisque
764 1267 878 1326 repens
901 1248 1060 1327 sinpultus
1083 1256 1234 1329 apertum
1258 1252 1362 1314 Inter-

377 1363 459 1439 cepit
481 1364 551 1422 iter.

420 1472 455 1538 0.
481 1475 542 1540 46:
589 1477 689 1540 Macte
711 1480 770 1540 hac
792 1483 962 1558 pravitatis
986 1484 1110 1562 pieria,
1137 1483 1272 1559 Caesar,
1298 1505 1361 1564 qua

374 1597 559 1652 consecutus
593 1610 624 1651 es
659 1597 696 1651 ut
727 1595 808 1670 meod
831 1601 930 1656 antea
952 1599 1000 1658 vis
1023 1603 1053 1658 et
1077 1599 1251 1677 imperium
1273 1617 1361 1660 nunc

377 1724 480 1772 mores
514 1712 714 1768 uocarentur.
769 1707 1013 1787 Castipaoerunt
1036 1713 1116 1772 vitia
1138 1731 1200 1774 sua
1222 1715 1284 1792 ipsi
1306 1715 1360 1792 qui
1452 1715 1453 1718 ’

378 1822 531 1898 castipari
542 1820 763 1896 merebantur,
787 1822 945 1903 iidemque
958 1827 1176 1888 emendatores
1188 1830 1242 1906 qui
1254 1843 1360 1890 emen-

376 1939 478 2000 dandi
500 1941 645 2016 suerunt.
677 1939 788 2018 Itaque
810 1960 903 2000 nemo
926 1943 965 2002 de
987 1945 1153 2003 severitate
1176 1950 1234 2004 tua
1256 1947 1359 2024 queri-

377 2062 448 2132 tur,
473 2063 503 2117 et
525 2056 660 2118 liberum
682 2062 728 2117 est
750 2060 900 2136 queria-
917 2053 1059 2118 Plinium
1082 2063 1141 2121 etsi
1163 2061 1299 2121 liberum
1313 2067 1359 2122 est

376 2176 465 2252 queri
499 2170 662 2253 scripsisse
692 2170 822 2235 conicio.
870 2169 976 2236 Facile
1010 2176 1100 2257 patet
1135 2173 1300 2238 librarium
1323 2175 1358 2238 in

260 2305 270 2328 ·
376 2284 580 2349 describendo
591 2284 790 2368 praeteriisse
804 2291 831 2347 si
843 2284 882 2348 ob
894 2285 1138 2351 similitudinem
1149 2288 1311 2371 sequentis
1323 2290 1356 2350 ii.

368 2420 373 2434 '
420 2402 454 2467 C.
480 2407 537 2468 48:
571 2406 642 2485 Ipse
664 2412 774 2466 autem
797 2412 834 2465 ut
857 2408 974 2484 accipis
991 2408 1119 2468 omnes!
1142 2415 1178 2468 ut
1194 2407 1358 2487 aspectas!

374 2529 412 2581 ut
445 2540 598 2599 mapnam
625 2526 754 2598 partem
777 2520 906 2580 dierum
929 2523 1015 2581 inter
1038 2526 1083 2580 tot
1107 2523 1237 2600 imperii
1261 2539 1355 2582 curas

374 2641 465 2717 quasi
485 2657 544 2717 per
566 2639 668 2697 otium
691 2637 863 2715 transipisi
886 2637 997 2716 itaque
1012 2656 1078 2698 non
1094 2638 1153 2698 aiii
1167 2643 1197 2697 et
1209 2641 1355 2711 attoniti,
1425 2651 1428 2656 “

373 2773 430 2815 neo
453 2760 489 2813 ut
509 2754 692 2832 periculum
714 2756 828 2834 capitis
851 2755 976 2814 adituri
992 2743 1160 2829 tarditate,
1185 2755 1238 2814 sed
1253 2758 1356 2816 securi

311 2931 317 2944 ,
373 2876 403 2930 et
424 2851 559 2944 tiilares,
582 2888 656 2930 oum
678 2872 879 2931 commodum
902 2878 965 2946 est,
988 2874 1204 2932 convertimus.
1231 2907 1270 2918 -
1292 2869 1353 2933 Vv.

372 2985 431 3045 alii
464 2993 494 3045 et
529 2987 659 3046 attoniti
693 2983 739 3046 ita
773 2982 931 3066 explicare
963 2985 1118 3048 conantur
1148 2984 1354 3067 interpretes,

372 3100 462 3184 quasi
485 3100 683 3184 significent:
707 3119 772 3162 non
795 3100 897 3163 colore
917 3099 1070 3183 vultuque
1091 3099 1153 3164 alio
1168 3102 1200 3164 et
1212 3123 1230 3164 a
1242 3101 1355 3184 priori·

371 3217 430 3281 bus
453 3216 661 3280 demetentes.
696 3213 798 3278 Fuere
821 3215 876 3297 qui
898 3237 964 3278 non
987 3224 1024 3277 ut
1042 3218 1125 3279 aiios
1142 3216 1353 3300 praeferrent,

371 3331 454 3417 quod
477 3331 646 3395 deteriores
670 3330 791 3395 codices
814 3330 929 3394 habere
945 3331 1104 3396 videntur.
1140 3330 1251 3418 Apage
1264 3334 1354 3417 inep-

324 3454 327 3460 '
362 3448 453 3514 tias!
477 3446 589 3512 Plinio
605 3445 799 3510 reddendum
811 3448 874 3524 est,
898 3446 980 3529 quod
995 3447 1089 3510 unice
1104 3469 1215 3511 verum
1231 3448 1353 3512 iudico:

370 3587 436 3628 non
459 3569 550 3628 annii
574 3572 604 3627 et
626 3567 757 3626 attoniti
764 3609 862 3626 .....
887 3565 940 3626 sed
953 3543 1237 3626 securiethiiares.
1264 3561 1311 3626 Of.
1325 3583 1351 3626 c.

372 3684 430 3748 68:
455 3685 601 3764 suspensi
622 3688 651 3742 et
674 3684 816 3742 attoniti.

416 3796 450 3861 O.
487 3800 546 3864 66:
592 3800 682 3860 Iubes
716 3817 780 3860 esse
813 3798 944 3873 tiber0s;
980 3798 1121 3882 erimus·
1156 3798 1242 3858 iubes
1273 3818 1353 3877 quae

370 3923 526 3982 sentimus
545 3937 693 3997 promere
716 3919 751 3976 in
774 3918 938 3984 medium;
967 3914 1179 3992 proferemus.
1206 3949 1245 3959 —
1271 3911 1353 3976 Gon·

370 4038 478 4100 textus
506 4033 645 4097 ostendit
665 4034 812 4113 proferre
836 4028 1056 4113 corrigendum
1080 4048 1156 4092 esse.
1203 4027 1351 4094 Promere

370 4152 406 4216 in
422 4127 568 4222 'medium
590 4169 669 4215 num
690 4146 805 4212 Latine
827 4147 913 4210 recte
936 4143 1060 4210 dicetur
1081 4145 1201 4210 dubito.

415 4266 449 4331 O.
475 4269 533 4331 68:
561 4269 672 4347 Itaque
694 4285 822 4328 securus
846 4265 902 4324 tibi
925 4271 955 4325 et
977 4265 1079 4326 laetus
1102 4267 1169 4328 dies
1192 4269 1271 4341 enit,
1295 4271 1350 4347 qui
