3190 5114
751 492 792 564 43

274 690 437 770 attulerit,
473 698 560 764 luere
592 717 712 776 paenas
746 697 781 758 ab
815 695 1074 756 Icaaesttssc'aaam
1114 697 1258 771 factam,

198 803 202 814 ’
276 815 355 880 dam
391 816 678 894 flactriosIsstmaac
715 809 867 874 ulciscor)
910 845 949 854 -
985 805 1119 892 Fugisse
1157 808 1259 872 adhuc

276 928 411 998 editores
443 928 569 1002 videtur
602 929 637 991 in
671 928 721 993 his
755 925 860 1000 verbis
894 925 992 988 lutere
1026 945 1153 988 versum
1176 923 1255 988 Ver-

275 1044 432 1127 gilianum
454 1065 493 1106 ex
515 1040 657 1107 Aeneide
680 1040 749 1128 (VI.
778 1039 854 1124 105)
877 1039 1048 1122 sumptum.
1095 1037 1195 1114 Quem
1218 1037 1257 1102 ob

274 1181 342 1224 rem
365 1161 411 1224 ita
432 1160 562 1243 posthac
586 1159 789 1230 scribendum
812 1157 890 1221 erit:
936 1159 985 1218 Ad
1007 1160 1083 1219 haec
1106 1178 1177 1237 eya:

305 1281 446 1353 „Omnia
466 1273 616 1360 praecept
638 1281 740 1358 adque
763 1280 872 1339 aaz‘m'c
895 1294 1021 1336 mecam
1036 1281 1112 1335 uate
1126 1269 1254 1354 pereqi'’

273 1418 330 1460 aee
353 1417 476 1472 recuso,
500 1400 528 1460 si
551 1401 599 1458 tta
622 1417 713 1458 casas
737 1396 901 1468 attulerit,
925 1392 1013 1454 tuere
1032 1387 1162 1470 poeaas'
1183 1397 1253 1451 cett.

274 1509 497 1594 Vergilianum
520 1529 643 1592 quoque
660 1529 787 1572 versum
802 1509 876 1570 ente
890 1503 995 1568 oculos
1008 1504 1115 1566 noster
1125 1501 1254 1580 habuit,

273 1645 370 1707 quum
404 1623 464 1706 Ep.
499 1621 532 1702 I,
569 1626 661 1700 2,’·2
697 1621 863 1687 scriberet:
896 1641 976 1682 aaut
999 1623 1065 1680 ctm
1089 1626 1255 1683 tantorum

272 1748 418 1805 virorum
445 1746 545 1822 pauet
568 1762 643 1823 qaas
667 1763 786 1822 aequas
811 1743 934 1802 amavit
957 1743 1089 1824 adsequi
1108 1745 1253 1820 possunt.

271 1857 406 1943 Legitur
429 1859 516 1923 enim
537 1855 619 1923 Aen.
644 1856 702 1922 VI.
730 1860 809 1930 129:

338 1959 340 1963 ,
676 1975 778 2035 Pauci
801 1992 876 2056 qaas
899 1992 1018 2054 aequas
1041 1973 1165 2033 amaac't

316 2091 463 2170 lappa'ter
487 2097 545 2152 aat
568 2092 685 2153 ardeas
709 2092 812 2164 evenit
835 2091 878 2150 ad
901 2091 1031 2150 aethera
1054 2090 1174 2163 victas,

314 2207 371 2268 Dis
393 2209 493 2286 §eniti
513 2213 654 2286 patuere.

314 2318 369 2384 IX.
395 2323 453 2397 33,
478 2324 512 2383 3:
561 2324 672 2384 amnes
695 2323 745 2382 aa
768 2328 856 2383 aetas
873 2319 1036 2400 piscandi,
1059 2318 1250 2396 navigandi,

270 2443 364 2520 atque
388 2440 487 2498 etiam
509 2439 649 2500 natandi
671 2438 776 2499 stadia
800 2443 944 2509 tenetur,
976 2425 1251 2513 caecitatemm,

189 2553 193 2562 '
270 2573 346 2638 qaas
370 2557 473 2614 otiam
495 2555 645 2637 lusasque
668 2554 825 2614 sollicttat.
852 2589 892 2598 —
917 2548 1147 2632 Corrigendum
1170 2549 1252 2610 exis·
1347 2576 1352 2588 ·

268 2666 348 2729 timo
378 2671 463 2729 iocus
493 2669 641 2750 lusasque
664 2670 821 2729 sollicttat.
869 2663 976 2729 Verba
998 2670 1084 2726 tceas
1107 2669 1139 2725 et
1162 2665 1251 2734 tasas

268 2782 319 2847 vel
338 2789 424 2847 iocus
447 2784 480 2845 et
502 2787 596 2846 ladas
620 2783 797 2847 sexcenties
822 2782 992 2846 coniuncte
1015 2779 1168 2863 leguntur
1183 2781 1250 2844 tam
1289 2797 1291 2800 ·

268 2901 350 2984 apud
379 2900 458 2965 alios
488 2900 657 2984 scriptores
689 2900 828 2986 (Terent.
852 2899 946 2964 Eun.
984 2895 1025 2960 Π.
1052 2900 1089 2974 3,
1115 2899 1154 2974 8,
1179 2896 1248 2961 Liv.

267 3013 419 3078 XXVIII.
455 3018 513 3090 42,
551 3017 586 3091 1,
621 3013 685 3077 Cic.
723 3011 782 3076 Off.
818 3011 843 3075 I.
877 3014 914 3089 9,
940 3011 1012 3095 29),
1048 3031 1142 3094 quem
1165 3010 1249 3094 apud

267 3129 373 3212 ipsum
411 3127 553 3192 Plinium
594 3127 646 3214 (V.
694 3131 743 3192 13.
783 3129 841 3206 10,
885 3125 975 3191 VIII.
1014 3129 1043 3190 8.
1081 3131 1119 3203 4,
1156 3124 1246 3189 VIII.

269 3245 320 3306 21.
363 3243 408 3327 2.)
441 3253 477 3290 -ὲ
507 3248 611 3308 Lasas
635 3247 667 3307 et
689 3247 784 3308 ladas
808 3243 991 3326 ceteroquin
1013 3243 1189 3325 promiscue
1214 3243 1248 3306 in

267 3380 327 3422 usu
359 3359 458 3426 fnisse
491 3351 659 3436 videntur,¹
695 3358 753 3422 sed
782 3360 934 3441 perpetuo
968 3378 1075 3422 omnes
1099 3357 1249 3421 dixerunt

265 3495 323 3554 per
346 3479 450 3537 tecam
474 3483 503 3537 et
526 3477 639 3541 ludam
663 3496 687 3536 s.
709 3496 768 3556 per
791 3477 906 3537 ladam
919 3483 958 3536 'et
981 3479 1094 3564 tecam.

401 3777 404 3780 ·
527 3713 530 3718 ¹
559 3758 959 3821 instuararentur.

310 3933 368 4016 Ep.
393 3936 434 3998 39
458 3934 528 4020 (48)
552 3938 586 3998 2;
618 3934 817 4020 [Theatrum]
841 3939 1021 4016 iaqeattbas
1044 3941 1132 3999 eatae
1156 3944 1248 4002 rimis

266 4054 425 4115 descendat
459 4062 490 4115 et
520 4057 609 4130 atat,
643 4059 707 4115 sice
738 4057 774 4114 ia
796 4074 894 4115 caasa
918 4055 1021 4117 solam
1044 4058 1195 4118 amidam
1218 4066 1248 4124 et

266 4171 373 4245 atelle,
409 4174 473 4232 stae
505 4173 588 4252 Iapis
624 4174 691 4262 Ipse
718 4173 846 4252 queritis
869 4179 899 4234 et
919 4175 1038 4256 putate.
1064 4206 1107 4219 -—
1129 4172 1247 4237 Emen-

266 4282 405 4349 dandum
428 4287 477 4348 est
501 4289 628 4374 fractas
650 4296 681 4350 et
702 4292 819 4376 patris.
