3190 5114
844 508 863 568 6

367 703 533 788 sedatoque
556 704 662 768 animo
690 704 790 771 dolori
812 706 984 786 indulsisti,
1008 709 1193 774 abstinuisti
1216 711 1344 795 quidem

368 818 512 884 eluctus
534 821 765 902 ostentatione,
790 823 843 888 sed
866 845 950 904 non,
980 826 1061 909 quod
1084 826 1149 892 fere
1171 828 1241 892 fieri
1265 828 1343 893 solet

368 939 426 1002 hoo
461 941 563 1002 aetate
575 987 584 1018 ,
615 939 790 1024 impietatis
816 940 928 1026 plena,
962 943 1056 1008 hilari
1085 943 1189 1009 fronte
1223 943 1345 1009 luctum

368 1054 488 1118 texisti.
538 1055 682 1118 Gemitus
716 1058 749 1120 et
779 1059 929 1138 planetas
955 1077 1018 1122 uno
1050 1060 1158 1122 tenore
1192 1061 1344 1142 usurpata

369 1169 511 1234 invenies
534 1188 552 1231 a
573 1167 646 1233 Teo.
670 1165 757 1233 Ann.
780 1167 807 1248 I,
832 1173 890 1247 14;
913 1168 1020 1236 Senec.
1045 1171 1154 1235 liceri.
1180 1173 1254 1237 902.

413 1285 446 1350 (l.
474 1288 502 1363 1,
526 1289 568 1350 3:
591 1287 758 1368 inpeniam
779 1290 904 1370 patris.
919 1335 948 1352 ..
985 1290 1022 1352 in
1044 1291 1150 1352 visam
1175 1290 1344 1353 hominnm

368 1403 528 1466 rednaisti
560 1411 590 1465 et
623 1423 644 1466 a
666 1423 742 1467 aera
763 1405 856 1468 illam
880 1406 1051 1469 vindicasti
1071 1415 1172 1470 morte
1193 1427 1231 1468 ac
1253 1407 1344 1470 resti-

368 1521 461 1584 tuisti
492 1525 528 1582 in
558 1521 686 1601 pabiica
719 1530 929 1585 monumenta
962 1523 1076 1600 latras,
1111 1544 1184 1604 qnos
1218 1524 1269 1585 cir
1292 1523 1343 1584 ille

367 1634 563 1712 fortissimas
586 1637 742 1716 sanpaine
764 1657 820 1699 sao
843 1638 1021 1718 scripserat.
1048 1636 1172 1717 Optime
1195 1634 1343 1698 mernisti

368 1750 407 1811 de
440 1749 594 1811 Romanis
626 1750 763 1828 stadiis,
786 1771 905 1832 mapna
934 1751 1065 1814 illoram
1092 1773 1173 1832 pars
1201 1758 1340 1814 arserat.

368 1865 486 1945 optime
507 1866 710 1944 deponeris,
734 1869 776 1927 aei
799 1887 872 1946 qaas
895 1866 997 1929 veniet
1020 1867 1207 1947 incorrupta
1230 1888 1340 1928 reram

368 1984 454 2062 fides.
469 2017 510 2028 -
524 1977 697 2045 Offendunt
708 1980 803 2046 verbe
814 2004 934 2064 mapna
956 1985 1086 2046 illoram
1106 2005 1184 2064 pars
1207 1991 1341 2046 arserat.

369 2091 498 2159 Scilicet
526 2098 646 2159 arserat
678 2117 794 2182 magna
816 2118 889 2180 pers
911 2097 1087 2162 studiorum
1111 2097 1342 2163 Romanorum!

369 2209 424 2290 At,
448 2212 562 2295 inquit,
586 2217 695 2277 stadia
717 2214 837 2298 tropice
859 2214 912 2278 hie
926 2215 1079 2299 scriptum
1095 2217 1143 2277 est
1155 2217 1343 2299 proliterae,

369 2349 448 2414 quae
460 2349 610 2414 megum
621 2330 766 2394 iecerunt
779 2331 932 2395 iacturam
944 2330 1099 2395 Cremutii
1110 2329 1204 2395 Cordi
1215 2330 1343 2415 scriptis

368 2443 509 2519 abolitis,
533 2462 612 2526 quae
636 2464 692 2526 per
714 2440 843 2507 Aediles
867 2445 1034 2509 cremanda
1057 2443 1166 2509 Patres
1184 2445 1342 2509 censuisse

368 2557 496 2621 Tacitus
519 2554 616 2642 (Anu.
641 2553 698 2633 IV,
723 2556 779 2641 35)
801 2556 899 2622 docet.
924 2557 988 2622 Fso
1010 2579 1119 2622 revers
1143 2562 1258 2622 stadiis
1269 2557 1302 2620 h.
1320 2555 1341 2620 l.

369 2669 543 2755 significari
554 2672 663 2732 literas
674 2671 708 2732 st
722 2669 853 2734 minime
865 2673 1006 2734 srserent
1019 2669 1113 2735 Cordi
1124 2669 1209 2748 libri,
1225 2669 1343 2736 nedum

368 2807 440 2871 pers
452 2785 588 2863 illorum,
607 2805 682 2849 nam
694 2784 778 2849 idem
788 2785 916 2850 Tacitus
930 2788 1039 2851 auctor
1052 2787 1109 2863 est,
1125 2806 1177 2850 eos
1189 2786 1342 2850 menisse

367 2903 558 2978 occultatos,
594 2901 678 2984 quod
700 2902 904 2966 confirmatur
926 2900 1070 2968 Suetonii
1092 2901 1206 2988 (Oelig.
1233 2902 1287 2987 16)
1310 2905 1342 2966 et

367 3018 481 3083 Dionis
504 3013 605 3080 Cassii
626 3016 693 3102 (57,
718 3017 772 3101 24)
795 3019 985 3083 testimonio.
1021 3016 1133 3103 Apage
1156 3036 1232 3102 ergo
1254 3021 1344 3103 inep-

367 3135 447 3196 tias!
493 3129 626 3214 Scripsit
656 3127 774 3196 Seneca
797 3135 914 3213 aptime
948 3137 1097 3198 mernisti
1129 3138 1168 3198 de
1190 3135 1344 3202 Romanis

368 3248 502 3324 stadiis,
525 3267 644 3328 mapna
666 3245 796 3308 illoram
818 3268 894 3327 pars
918 3257 1010 3324 erat‚·
1035 3249 1056 3310 i.
1085 3269 1111 3311 e.
1136 3250 1255 3333 optime
1278 3273 1343 3315 me·

368 3364 462 3428 ruisti
495 3362 533 3427 de
567 3360 781 3426 Romanorum
815 3360 980 3428 literarum
1002 3363 1136 3443 studiis,
1171 3367 1343 3451 inquibus

368 3480 554 3566 primarium
592 3476 711 3542 Gordus
742 3475 846 3543 lacum
869 3479 1040 3545 obtinebat.
1088 3481 1134 3546 of.
1162 3485 1223 3562 18,
1250 3485 1289 3548 7:
1313 3494 1343 3548 et

368 3605 524 3680 spectator
557 3604 587 3658 et
621 3600 687 3676 ipse
718 3617 797 3676 pars
831 3618 950 3678 mapna
984 3599 1192 3674 conantium:
1228 3602 1269 3678 2,
1302 3601 1343 3664 5:

368 3714 568 3778 carmina...
594 3711 730 3791 aliosqae
753 3711 934 3774 stadiorum
957 3716 1087 3775 honores
1109 3713 1226 3776 reiecit.

413 3828 447 3894 0.
474 3831 513 3906 1,
548 3829 588 3891 8:
611 3830 826 3891 volnerum...
852 3831 975 3890 sanitas
997 3827 1103 3909 facilis
1126 3836 1188 3906 est,
1222 3832 1301 3892 dam
1324 3851 1344 3892 a

369 3946 526 4028 scopatae
549 3945 688 4007 recentia
710 3951 791 4006 sant.
818 3979 859 3990 -
881 3941 987 4027 Lege:
1010 3946 1145 4006 sanatio.

415 4061 448 4126 O.
473 4065 514 4139 4,
549 4062 583 4122 2:
606 4057 703 4143 [Iulis
725 4048 885 4142 Auguste]
920 4061 956 4121 in
976 4060 1083 4140 primo
1105 4063 1248 4138 fervore,
1271 4082 1344 4126 cam

370 4182 513 4246 manime
535 4178 726 4260 inpatientes
759 4180 935 4257 ferocesque
958 4182 1033 4238 sant
1067 4175 1237 4256 miseriae,
1271 4199 1344 4243 con·

371 4301 488 4364 sclarea
510 4297 689 4380 philosopho
712 4294 775 4357 oiri
797 4297 849 4356 sai
869 4294 1024 4373 praebuit.
1041 4291 1232 4358 -Heesius
1244 4293 1344 4360 edidit
