3190 5114
728 499 748 558 3

251 704 342 781 siquo
364 710 394 763 et
408 721 495 781 posse
516 704 698 782 praeiacet,
722 721 823 781 aeque
837 705 924 763 euiru
935 700 1227 804 ullavehemcutmr

252 821 339 878 intra
361 821 528 898 coqitotio,
551 838 632 897 quoe
648 818 730 878 uihil
752 824 876 878 moueat
899 820 935 878 iu
946 817 1047 878 uultu.
1065 847 1107 860 -
1120 809 1227 874 Facile

250 935 394 1016 apparet,
418 932 648 997 restituendum
671 953 738 996 esse
761 937 928 996 concitatio
952 932 972 995 i.
997 953 1023 996 e.
1049 928 1224 995 commotio.

296 1043 330 1109 O.
368 1048 408 1122 2,
435 1048 470 1109 1:
504 1050 576 1111 Iam
598 1069 671 1110 uero
705 1052 732 1110 si
766 1051 894 1129 effeetus
927 1047 1021 1132 [irae]
1045 1050 1227 1126 domitaque

251 1164 373 1222 iutueri
410 1163 505 1238 uelis,
539 1165 638 1243 uallo¹
662 1167 760 1243 pestis
800 1165 960 1231 humeae,
980 1165 1089 1242 qeueri
1119 1162 1225 1242 pluris

250 1279 344 1337 stetit.
387 1278 505 1339 Videbis
538 1281 646 1341 coedes
668 1299 706 1341 oc
738 1299 860 1341 veueua
882 1285 911 1339 et
942 1298 1070 1339 reorum
1092 1284 1224 1338 mutuas

251 1393 354 1454 sordes
388 1399 418 1453 et
450 1396 580 1456 urbium
613 1388 716 1456 clades
739 1401 769 1455 et
792 1401 934 1455 totarum
957 1395 1057 1454 cecilia
1078 1393 1223 1472 qeutium

249 1514 318 1570 cett.
333 1543 373 1553 —
386 1505 426 1570 V.
452 1518 583 1573 mutuas
598 1509 675 1572 sutis
698 1507 867 1572 absurdum
889 1507 969 1571 mihi
991 1507 1021 1570 h.
1043 1506 1064 1569 l.
1089 1504 1224 1570 videtin.

248 1618 339 1684 Nihil
361 1621 448 1685 uliud
470 1626 580 1687 notare
602 1625 708 1707 potest
729 1623 794 1687 nisi
817 1622 973 1688 sordidum
996 1623 1116 1686 vestem
1128 1670 1137 1700 ,
1162 1641 1223 1704 que

249 1740 296 1804 rei
325 1739 504 1804 scilicetne
528 1741 665 1805 invicem
699 1740 893 1816 induebant;
927 1761 988 1824 quo
1010 1737 1087 1822 quid
1109 1757 1224 1820 quaeso
1343 1785 1349 1797 .

248 1855 388 1940 ineptius
422 1858 596 1942 excogitari
618 1859 731 1941 potest
778 1854 935 1939 Equidem
966 1862 1103 1917 moestas
1134 1873 1224 1937 prec-

246 1972 377 2036 tulerim
400 1973 468 2038 coll.
493 1972 585 2059 Prop.
611 1978 649 2051 3,
672 1978 711 2051 4,
737 1976 799 2050 133
823 1971 930 2038 Senes.
956 1969 1032 2035 Oed.
1060 1974 1089 2034 2.

293 2087 326 2152 0.
351 2094 382 2167 4,
406 2093 441 2154 3:
468 2094 633 2166 Quaedam
661 2090 740 2175 [irue
764 2089 854 2172 sunt]
876 2094 912 2151 iu
935 2091 1100 2150 uerborum
1124 2087 1223 2168 malc-

247 2205 464 2284 dictorumque
497 2208 753 2268 amaritudinem
776 2207 916 2285 effusae,
939 2204 1096 2283 quaedam
1135 2202 1225 2262 ultro

248 2320 389 2397 querelas
423 2326 453 2380 et
475 2319 710 2383 aduersatioues
732 2340 797 2382 uou
819 2326 946 2381 eoeeuul.
972 2354 1015 2363 -
1038 2317 1223 2378 Aduersutio

247 2436 371 2517 praeter
393 2432 458 2497 hfl.
484 2456 639 2518 nusquam
662 2434 795 2518 legitur;
818 2433 929 2498 lexicis
951 2433 1045 2496 fidem
1060 2431 1223 2508 sihsbem,

248 2546 332 2611 idem
353 2550 452 2626 notet,
475 2549 558 2632 quod
581 2549 773 2613 concertatio
797 2571 821 2612 s.
847 2549 996 2634 iurgium.
1032 2545 1142 2631 Neque
1166 2545 1224 2610 ‹lu-

247 2662 336 2727 bium
357 2667 426 2742 est,
449 2665 527 2748 quin
550 2665 704 2729 eiusmodi
727 2686 793 2729 voe.
811 2665 970 2728 sententie
984 2664 1116 2749 flagitet.
1141 2662 1224 2727 Vide

247 2780 363 2856 eutem,
386 2800 428 2842 en
461 2800 527 2844 non
550 2783 785 2842 aduersatioues
808 2800 847 2842 ex
871 2782 1089 2843 altercationes
1114 2777 1223 2862 depre-

247 2895 356 2956 vatum
379 2892 430 2956 sit.

292 3007 325 3071 (l.
355 3009 416 3084 10,
444 3009 482 3070 1:
506 3012 578 3071 Ideo
601 3031 780 3091 numquam
802 3014 949 3073 adsumet
971 3015 1055 3072 ratio
1078 3016 1114 3073 iri
1129 3015 1224 3074 adiu·

248 3131 368 3189 lorium
402 3130 583 3207 improuidos
614 3136 643 3189 et
665 3130 814 3189 oiolerttos
848 3132 1005 3208 impetus,
1041 3130 1128 3208 apud
1151 3149 1224 3208 quos

248 3247 330 3306 uihil
363 3248 434 3324 ipsa
456 3248 658 3307 auctoritatis
680 3247 794 3307 habeat
807 3292 814 3306 .
829 3291 836 3305 .
850 3290 857 3306 .
873 3290 902 3321 .‚
937 3247 1001 3306 uisi
1031 3265 1127 3324 pares
1161 3247 1224 3306 illis

218 3383 222 3391 ·
250 3361 427 3439 similesque
442 3363 635 3439 opposueris,
657 3367 694 3420 ut
716 3363 785 3420 irae
808 3366 945 3434 metum,
970 3362 1106 3420 iuertiae
1129 3362 1224 3434 iram,

250 3478 360 3535 timori
383 3477 602 3553 cupiditatem.
618 3509 657 3520 -
672 3471 771 3535 Miror
793 3470 927 3561 editores
950 3469 1090 3534 nondum
1110 3471 1225 3535 vidisse

250 3587 285 3650 in
318 3592 543 3652 laertioeiram
579 3587 677 3652 latere
713 3591 851 3649 laertius
884 3589 1101 3663 iudustriam,
1143 3588 1225 3670 quod

250 3704 408 3768 sententie
430 3703 562 3790 flagitat.
587 3703 742 3789 inspicies
764 3724 878 3788 quaeso
893 3704 1034 3788 proxime
1047 3707 1225 3790 sequentis:

249 3826 415 3901 quatiatur
437 3844 558 3886 necesse
580 3830 627 3885 est
649 3827 898 3904 fluctueturquc.
913 3871 943 3886 ..
969 3831 1022 3904 qui
1045 3828 1151 3934 fortis!
1163 3848 1227 3889 esse

249 3939 314 3996 uisi
325 3940 477 4000 irascitur
494 3957 560 4000 riou
572 3945 683 4018 potest,
707 3940 888 4000 iudustrius
904 3941 969 4000 uisi
980 3943 1078 4020 eupit,
1102 3944 1225 4020 quietus

250 4051 314 4110 uisi
336 4051 436 4112 limet.

295 4157 328 4222 O.
355 4161 416 4239 16,
452 4164 493 4226 5:
516 4167 645 4245 Itaque,
679 4170 738 4228 etsi
765 4185 916 4246 perversa
937 4170 1103 4229 iudueuda
1125 4174 1226 4252 maqi-

250 4280 369 4338 stratui
402 4282 494 4340 uestis
521 4271 774 4344 ct'couaoeauda
797 4284 923 4345 classico
946 4287 1049 4347 corceio
1065 4292 1131 4361 cst,
1152 4308 1229 4366 pro-
