3190 5114
828 489 870 554 54

358 694 604 760 Restituendum
627 697 676 760 est
698 697 937 776 imnpunculans
960 695 1029 760 coll.
1054 692 1138 782 Aug.
1165 697 1204 760 7:
1226 704 1341 761 nactus

355 815 514 894 puerilem
537 813 788 892 imapuncubani.

403 929 512 1007 Titus,
549 929 586 992 7:
633 929 785 1010 Suspecta
818 926 912 1012 [Titi]
946 933 1127 1009 rapacitas,
1162 932 1244 1014 quod
1268 949 1340 994 can·

359 1049 462 1110 stabat
493 1050 528 1109 in
562 1047 791 1126 capniticnibus
823 1047 929 1125 patris
963 1048 1147 1108 nundinari
1175 1048 1341 1126 praemia·

358 1166 449 1247 nique
487 1162 625 1224 solitum.
670 1196 708 1208 -
752 1157 861 1224 Lectio
904 1163 1132 1241 cognitionibus
1172 1158 1340 1224 Torrentio

359 1276 499 1342 debetur.
533 1274 628 1342 Godd.
653 1275 772 1340 habent
794 1280 1008 1354 cantionibus,
1040 1276 1122 1361 quod
1144 1277 1257 1342 merito
1280 1277 1340 1344 im·

358 1393 517 1479 probetur.
564 1391 626 1458 Sed
653 1397 881 1475 copnitionibus
903 1415 969 1460 non
991 1395 1093 1480 magis
1115 1394 1229 1479 placet.
1277 1395 1340 1472 Qui

358 1511 445 1576 enim
479 1532 593 1595 quaeso
626 1511 662 1576 in
693 1511 928 1596 cognitionibus
961 1513 1130 1597 rapacitati
1163 1513 1250 1578 loeus
1272 1532 1339 1578 esse

358 1626 487 1710 potuit?
510 1625 590 1690 Fere
613 1645 678 1692 non
700 1625 811 1691 dubito
833 1627 912 1710 quin
935 1631 1134 1692 auctionibus
1156 1649 1231 1694 vers
1245 1628 1339 1694 lectio

249 1795 252 1805 .
358 1744 402 1808 sit
424 1743 495 1810 ooll.
518 1741 614 1828 vesp.
643 1745 700 1810 16:
723 1749 937 1825 nepotationcs
960 1742 1004 1829 (V
1005 1745 1200 1830 espssianus)
1222 1767 1340 1828 quoque

358 1863 406 1925 oct
436 1866 565 1943 priuato
595 1864 765 1942 mendas
785 1864 956 1943 propalam
978 1869 1138 1942 exercuit,
1173 1866 1339 1928 enneae

358 1981 530 2059 quaedam,
565 1985 694 2040 tantum
725 1986 762 2040 ut
781 1980 888 2059 pluris
908 1987 1017 2060 postca
1040 1983 1241 2045 distraheret.
1286 1976 1339 2043 Ad

358 2092 444 2158 huns
466 2091 570 2156 locum
596 2093 681 2156 oerte
704 2092 799 2156 verbs
821 2095 945 2158 tentate
968 2082 1128 2178 spectent(
1279 2095 1283 2102 '

402 2209 510 2274 Etiam
539 2209 686 2274 mutilam
709 2231 818 2274 vocem
853 2209 1096 2294 deprehendisse
1129 2212 1210 2276 mihi
1231 2212 1340 2278 videor

358 2347 384 2390 o.
411 2329 448 2390 8:
494 2295 534 2390 In
557 2331 597 2389 iis
621 2334 666 2389 tot
689 2330 831 2390 aduenis
853 2348 891 2390 ac
913 2330 1029 2391 talibus
1052 2350 1118 2392 non
1140 2333 1232 2394 niodo
1245 2336 1339 2412 ptin-

357 2445 436 2522 cipis
463 2443 710 2504 sollicitudinem
734 2445 787 2505 sect
810 2450 840 2504 et
859 2448 1006 2523 parentis
1029 2448 1182 2526 affectum
1204 2450 1338 2509 unicum

353 2562 526 2640 praestitit.
551 2595 595 2604 -
618 2553 808 2640 Antiquitas
842 2557 1093 2640 scriptumesse
1116 2560 1257 2643 suspicor
1280 2564 1338 2623 acb·
1390 2628 1392 2633 ,

355 2679 453 2737 uersis
476 2696 513 2737 ac
535 2674 692 2738 fatalibus.
