<?xml version="1.0" encoding="UTF-8"?>
<!DOCTYPE html PUBLIC "-//W3C//DTD XHTML 1.0 Transitional//EN"
    "http://www.w3.org/TR/xhtml1/DTD/xhtml1-transitional.dtd">
<html xmlns="http://www.w3.org/1999/xhtml" xml:lang="en" lang="en">
 <head>
  <title>
</title>
<meta http-equiv="Content-Type" content="text/html;charset=utf-8" />
  <meta name='ocr-system' content='tesseract 3.04.00' />
  <meta name='ocr-capabilities' content='ocr_page ocr_carea ocr_par ocr_line ocrx_word'/>
</head>
<body>
  <div class='ocr_page' id='page_1' title='image "./conjectanealati00corngoog_0036.png"; bbox 0 0 3190 5114; ppageno 0'>
   <div class='ocr_carea' id='block_1_1' title="bbox 729 505 768 569">
    <p class='ocr_par' dir='ltr' id='par_1_1' title="bbox 729 505 768 569">
     <span class='ocr_line' id='line_1_1' title="bbox 729 505 768 569; baseline -0.026 0"><span class='ocrx_word' id='word_1_1' title='bbox 729 505 768 569; x_wconf 83' lang='lat'><em>15</em></span> 
     </span>
    </p>
   </div>
   <div class='ocr_carea' id='block_1_2' title="bbox 253 710 1237 1147">
    <p class='ocr_par' dir='ltr' id='par_1_2' title="bbox 253 710 1237 1147">
     <span class='ocr_line' id='line_1_2' title="bbox 299 710 1235 796; baseline -0.002 -15"><span class='ocrx_word' id='word_1_2' title='bbox 299 710 364 794; x_wconf 84' lang='lat' dir='ltr'><em>VI,</em></span> <span class='ocrx_word' id='word_1_3' title='bbox 388 720 426 794; x_wconf 82' lang='lat'><em>3,</em></span> <span class='ocrx_word' id='word_1_4' title='bbox 450 719 490 779; x_wconf 85' lang='lat'><em>2:</em></span> <span class='ocrx_word' id='word_1_5' title='bbox 535 714 653 796; x_wconf 84' lang='lat' dir='ltr'><em>Ruptis</em></span> <span class='ocrx_word' id='word_1_6' title='bbox 686 714 802 776; x_wconf 77' lang='lat' dir='ltr'><em>totiens</em></span> <span class='ocrx_word' id='word_1_7' title='bbox 824 714 1023 796; x_wconf 72' lang='lat' dir='ltr'><em>adflnitatis,</em></span> <span class='ocrx_word' id='word_1_8' title='bbox 1055 715 1235 794; x_wconf 76' lang='lat' dir='ltr'><strong><em>amicitiae,</em></strong></span> 
     </span>
     <span class='ocr_line' id='line_1_3' title="bbox 254 806 1235 915; baseline -0.003 -18"><span class='ocrx_word' id='word_1_9' title='bbox 254 834 372 915; x_wconf 76' lang='lat' dir='ltr'><em>collepii</em></span> <span class='ocrx_word' id='word_1_10' title='bbox 405 831 583 912; x_wconf 79' lang='lat' dir='ltr'><em>foederibus</em></span> <span class='ocrx_word' id='word_1_11' title='bbox 613 832 700 894; x_wconf 83' lang='lat' dir='ltr'><em>iuter</em></span> <span class='ocrx_word' id='word_1_12' title='bbox 722 806 944 893; x_wconf 79' lang='lat' dir='ltr'><em>couteudcuies</em></span> <span class='ocrx_word' id='word_1_13' title='bbox 968 834 1046 893; x_wconf 84' lang='lat' dir='ltr'><em>duos</em></span> <span class='ocrx_word' id='word_1_14' title='bbox 1069 837 1235 894; x_wconf 80' lang='lat' dir='ltr'><em>terrorum</em></span> 
     </span>
     <span class='ocr_line' id='line_1_4' title="bbox 253 945 1234 1014; baseline -0.001 -1"><span class='ocrx_word' id='word_1_15' title='bbox 253 951 334 1014; x_wconf 79' lang='lat' dir='ltr'><em>orbis</em></span> <span class='ocrx_word' id='word_1_16' title='bbox 365 949 460 1012; x_wconf 85' lang='lat' dir='ltr'><em>elisus</em></span> <span class='ocrx_word' id='word_1_17' title='bbox 482 957 536 1011; x_wconf 86' lang='lat' dir='ltr'><em>est.</em></span> <span class='ocrx_word' id='word_1_18' title='bbox 564 983 603 994; x_wconf 91' lang='lat'>-</span> <span class='ocrx_word' id='word_1_19' title='bbox 628 945 839 1011; x_wconf 65' lang='lat' dir='ltr'><strong>Praetulerim</strong></span> <span class='ocrx_word' id='word_1_20' title='bbox 862 948 984 1011; x_wconf 81' lang='lat' dir='ltr'><em>diuisus</em></span> <span class='ocrx_word' id='word_1_21' title='bbox 1008 955 1062 1010; x_wconf 81' lang='lat' dir='ltr'><em>est.</em></span> <span class='ocrx_word' id='word_1_22' title='bbox 1087 945 1133 1010; x_wconf 81' lang='lat' dir='ltr'><em>Of.</em></span> <span class='ocrx_word' id='word_1_23' title='bbox 1158 945 1234 1012; x_wconf 74' lang='lat' dir='ltr'><em>Nais.</em></span> 
     </span>
     <span class='ocr_line' id='line_1_5' title="bbox 253 1043 1237 1147; baseline 0 -19"><span class='ocrx_word' id='word_1_24' title='bbox 253 1064 379 1141; x_wconf 81' lang='lat' dir='ltr'><em>Quaesi.</em></span> <span class='ocrx_word' id='word_1_25' title='bbox 403 1063 433 1141; x_wconf 85' lang='grc' dir='ltr'><em>Ι,</em></span> <span class='ocrx_word' id='word_1_26' title='bbox 457 1063 535 1147; x_wconf 90' lang='lat' dir='ltr'><em>prol.</em></span> <span class='ocrx_word' id='word_1_27' title='bbox 562 1065 599 1126; x_wconf 90' lang='lat'><em>8:</em></span> <span class='ocrx_word' id='word_1_28' title='bbox 624 1066 680 1125; x_wconf 85' lang='lat' dir='ltr'><em>hoc</em></span> <span class='ocrx_word' id='word_1_29' title='bbox 702 1071 748 1125; x_wconf 83' lang='lat' dir='ltr'><em>est</em></span> <span class='ocrx_word' id='word_1_30' title='bbox 763 1064 844 1125; x_wconf 84' lang='lat' dir='ltr'><em>illud</em></span> <span class='ocrx_word' id='word_1_31' title='bbox 855 1043 1033 1144; x_wconf 82' lang='lat' dir='ltr'><em>puuctum,</em></span> <span class='ocrx_word' id='word_1_32' title='bbox 1057 1066 1138 1144; x_wconf 82' lang='lat' dir='ltr'><em>quod</em></span> <span class='ocrx_word' id='word_1_33' title='bbox 1152 1064 1237 1128; x_wconf 84' lang='lat' dir='ltr'><em>iuter</em></span> 
     </span>
    </p>
   </div>
   <div class='ocr_carea' id='block_1_3' title="bbox 249 1180 1237 3572">
    <p class='ocr_par' dir='ltr' id='par_1_3' title="bbox 253 1180 871 1262">
     <span class='ocr_line' id='line_1_6' title="bbox 253 1180 871 1262; baseline -0.002 -18"><span class='ocrx_word' id='word_1_34' title='bbox 253 1191 298 1244; x_wconf 81' lang='lat' dir='ltr'><em>tot</em></span> <span class='ocrx_word' id='word_1_35' title='bbox 320 1190 426 1262; x_wconf 81' lang='lat' dir='ltr'><em>pentes</em></span> <span class='ocrx_word' id='word_1_36' title='bbox 448 1184 535 1259; x_wconf 76' lang='lat' dir='ltr'><em>seruo</em></span> <span class='ocrx_word' id='word_1_37' title='bbox 559 1188 589 1242; x_wconf 82' lang='lat' dir='ltr'><em>et</em></span> <span class='ocrx_word' id='word_1_38' title='bbox 609 1180 681 1261; x_wconf 67' lang='lat' dir='ltr'><em>ique</em></span> <span class='ocrx_word' id='word_1_39' title='bbox 704 1181 871 1243; x_wconf 80' lang='lat' dir='ltr'><em>dividitur.</em></span> 
     </span>
    </p>

    <p class='ocr_par' dir='ltr' id='par_1_4' title="bbox 249 1293 1237 3572">
     <span class='ocr_line' id='line_1_7' title="bbox 298 1293 1236 1379; baseline -0.001 -18"><span class='ocrx_word' id='word_1_40' title='bbox 298 1296 332 1361; x_wconf 79' lang='lat' dir='ltr'><em>O.</em></span> <span class='ocrx_word' id='word_1_41' title='bbox 346 1293 418 1374; x_wconf 84' lang='lat'>&#39;38,</span> <span class='ocrx_word' id='word_1_42' title='bbox 443 1300 481 1361; x_wconf 81' lang='lat'><em>3:</em></span> <span class='ocrx_word' id='word_1_43' title='bbox 514 1299 603 1360; x_wconf 80' lang='lat' dir='ltr'><em>Miles</em></span> <span class='ocrx_word' id='word_1_44' title='bbox 627 1298 742 1358; x_wconf 86' lang='lat' dir='ltr'><em>bellum</em></span> <span class='ocrx_word' id='word_1_45' title='bbox 765 1303 871 1378; x_wconf 83' lang='lat' dir='ltr'><em>optut,</em></span> <span class='ocrx_word' id='word_1_46' title='bbox 895 1297 923 1359; x_wconf 85' lang='lat' dir='ltr'><em>si</em></span> <span class='ocrx_word' id='word_1_47' title='bbox 945 1297 1090 1378; x_wconf 76' lang='lat' dir='ltr'><em>plocium.</em></span> <span class='ocrx_word' id='word_1_48' title='bbox 1115 1298 1236 1379; x_wconf 77' lang='lat' dir='ltr'><em>aprico-</em></span> 
     </span>
     <span class='ocr_line' id='line_1_8' title="bbox 253 1413 1236 1494; baseline 0 -18"><span class='ocrx_word' id='word_1_49' title='bbox 253 1416 320 1476; x_wconf 84' lang='lat' dir='ltr'><em>lum</em></span> <span class='ocrx_word' id='word_1_50' title='bbox 361 1435 510 1476; x_wconf 87' lang='lat' dir='ltr'><em>ouuouue</em></span> <span class='ocrx_word' id='word_1_51' title='bbox 551 1413 671 1476; x_wconf 77' lang='lat' dir='ltr'><em>caritas</em></span> <span class='ocrx_word' id='word_1_52' title='bbox 712 1413 814 1493; x_wconf 76' lang='lat' dir='ltr'><em>eripit.</em></span> <span class='ocrx_word' id='word_1_53' title='bbox 857 1415 1052 1494; x_wconf 78' lang='lat' dir='ltr'><em>eloquentiae</em></span> <span class='ocrx_word' id='word_1_54' title='bbox 1091 1414 1236 1494; x_wconf 82' lang='lat' dir='ltr'><em>pretium</em></span> 
     </span>
     <span class='ocr_line' id='line_1_9' title="bbox 254 1527 1235 1612; baseline -0.003 -18"><span class='ocrx_word' id='word_1_55' title='bbox 254 1539 395 1612; x_wconf 70' lang='lat' dir='ltr'><em>ecceptot</em></span> <span class='ocrx_word' id='word_1_56' title='bbox 417 1531 527 1594; x_wconf 82' lang='lat' dir='ltr'><em>litium</em></span> <span class='ocrx_word' id='word_1_57' title='bbox 550 1550 715 1592; x_wconf 83' lang='lat' dir='ltr'><em>uumerus.</em></span> <span class='ocrx_word' id='word_1_58' title='bbox 737 1564 772 1576; x_wconf 85' lang='lat'><em>-</em></span> <span class='ocrx_word' id='word_1_59' title='bbox 794 1527 891 1592; x_wconf 87' lang='lat' dir='ltr'><em>Varie</em></span> <span class='ocrx_word' id='word_1_60' title='bbox 907 1529 961 1592; x_wconf 91' lang='lat' dir='ltr'><em>hic</em></span> <span class='ocrx_word' id='word_1_61' title='bbox 983 1528 1070 1592; x_wconf 89' lang='lat' dir='ltr'><em>locus</em></span> <span class='ocrx_word' id='word_1_62' title='bbox 1092 1530 1235 1592; x_wconf 67' lang='lat' dir='ltr'><em>sensatus</em></span> 
     </span>
     <span class='ocr_line' id='line_1_10' title="bbox 254 1631 1236 1726; baseline -0.003 -17"><span class='ocrx_word' id='word_1_63' title='bbox 254 1646 302 1709; x_wconf 81' lang='lat' dir='ltr'><em>esi</em></span> <span class='ocrx_word' id='word_1_64' title='bbox 340 1666 358 1706; x_wconf 91' lang='lat' dir='ltr'><em>a</em></span> <span class='ocrx_word' id='word_1_65' title='bbox 393 1644 471 1708; x_wconf 89' lang='lat' dir='ltr'><em>viris</em></span> <span class='ocrx_word' id='word_1_66' title='bbox 506 1643 626 1720; x_wconf 78' lang='lat' dir='ltr'><em>deciis,</em></span> <span class='ocrx_word' id='word_1_67' title='bbox 660 1663 794 1726; x_wconf 91' lang='lat' dir='ltr'><em>quorum</em></span> <span class='ocrx_word' id='word_1_68' title='bbox 826 1644 892 1707; x_wconf 88' lang='lat' dir='ltr'><em>fere</em></span> <span class='ocrx_word' id='word_1_69' title='bbox 926 1631 1019 1706; x_wconf 88' lang='lat' dir='ltr'><em>nemo</em></span> <span class='ocrx_word' id='word_1_70' title='bbox 1053 1664 1118 1706; x_wconf 93' lang='lat' dir='ltr'><em>non</em></span> <span class='ocrx_word' id='word_1_71' title='bbox 1154 1643 1236 1707; x_wconf 69' lang='lat' dir='ltr'><em>vidis</em></span> 
     </span>
     <span class='ocr_line' id='line_1_11' title="bbox 253 1757 1235 1844; baseline -0.003 -18"><span class='ocrx_word' id='word_1_72' title='bbox 253 1769 398 1844; x_wconf 79' lang='lat' dir='ltr'><em>occeptat</em></span> <span class='ocrx_word' id='word_1_73' title='bbox 426 1760 567 1844; x_wconf 85' lang='lat' dir='ltr'><em>spuriam</em></span> <span class='ocrx_word' id='word_1_74' title='bbox 590 1779 699 1824; x_wconf 84' lang='lat' dir='ltr'><em>vocem</em></span> <span class='ocrx_word' id='word_1_75' title='bbox 723 1780 798 1822; x_wconf 89' lang='lat' dir='ltr'><em>esse.</em></span> <span class='ocrx_word' id='word_1_76' title='bbox 845 1757 874 1822; x_wconf 81' lang='grc' dir='ltr'>Ε</span> <span class='ocrx_word' id='word_1_77' title='bbox 898 1759 1089 1823; x_wconf 74' lang='lat' dir='ltr'><em>coniecturis</em></span> <span class='ocrx_word' id='word_1_78' title='bbox 1112 1761 1235 1838; x_wconf 81' lang='lat' dir='ltr'><em>auiem,</em></span> 
     </span>
     <span class='ocr_line' id='line_1_12' title="bbox 252 1875 1233 1961; baseline -0.001 -20"><span class='ocrx_word' id='word_1_79' title='bbox 252 1877 367 1961; x_wconf 90' lang='lat' dir='ltr'><em>quibus</em></span> <span class='ocrx_word' id='word_1_80' title='bbox 390 1876 506 1941; x_wconf 75' lang='lat' dir='ltr'><em>vitium</em></span> <span class='ocrx_word' id='word_1_81' title='bbox 529 1895 641 1940; x_wconf 85' lang='lat' dir='ltr'><em>sanare</em></span> <span class='ocrx_word' id='word_1_82' title='bbox 664 1876 770 1940; x_wconf 79' lang='lat' dir='ltr'><em>concii</em></span> <span class='ocrx_word' id='word_1_83' title='bbox 793 1877 883 1953; x_wconf 77' lang='lat' dir='ltr'><em>suni,</em></span> <span class='ocrx_word' id='word_1_84' title='bbox 907 1875 997 1939; x_wconf 83' lang='lat' dir='ltr'>nulla</span> <span class='ocrx_word' id='word_1_85' title='bbox 1019 1877 1097 1939; x_wconf 78' lang='lat' dir='ltr'><em>sciis</em></span> <span class='ocrx_word' id='word_1_86' title='bbox 1120 1877 1233 1961; x_wconf 79' lang='lat' dir='ltr'><em>placei.</em></span> 
     </span>
     <span class='ocr_line' id='line_1_13' title="bbox 254 1992 1235 2077; baseline -0.001 -18"><span class='ocrx_word' id='word_1_87' title='bbox 254 1993 406 2070; x_wconf 84' lang='lat' dir='ltr'><em>Omnium</em></span> <span class='ocrx_word' id='word_1_88' title='bbox 440 1994 581 2077; x_wconf 84' lang='lat' dir='ltr'><em>proxime</em></span> <span class='ocrx_word' id='word_1_89' title='bbox 605 1993 645 2057; x_wconf 90' lang='lat' dir='ltr'><em>ad</em></span> <span class='ocrx_word' id='word_1_90' title='bbox 668 1993 830 2076; x_wconf 79' lang='lat' dir='ltr'><em>scriptoris</em></span> <span class='ocrx_word' id='word_1_91' title='bbox 854 1994 1047 2056; x_wconf 76' lang='lat' dir='ltr'><em>sententiam</em></span> <span class='ocrx_word' id='word_1_92' title='bbox 1070 1992 1235 2058; x_wconf 77' lang='lat' dir='ltr'><em>Bentleius</em></span> 
     </span>
     <span class='ocr_line' id='line_1_14' title="bbox 253 2107 1236 2202; baseline 0 -28"><span class='ocrx_word' id='word_1_93' title='bbox 253 2111 421 2176; x_wconf 75' lang='lat' dir='ltr'><em>accessisse</em></span> <span class='ocrx_word' id='word_1_94' title='bbox 456 2110 599 2188; x_wconf 73' lang='lat' dir='ltr'><em>videtur,</em></span> <span class='ocrx_word' id='word_1_95' title='bbox 635 2110 690 2193; x_wconf 90' lang='lat' dir='ltr'><em>qui</em></span> <span class='ocrx_word' id='word_1_96' title='bbox 724 2109 776 2195; x_wconf 83' lang='lat' dir='ltr'><em>(sd</em></span> <span class='ocrx_word' id='word_1_97' title='bbox 806 2108 883 2173; x_wconf 89' lang='lat' dir='ltr'><em>Hor.</em></span> <span class='ocrx_word' id='word_1_98' title='bbox 909 2108 1012 2173; x_wconf 84' lang='lat' dir='ltr'><em>Oarm.</em></span> <span class='ocrx_word' id='word_1_99' title='bbox 1028 2107 1070 2202; x_wconf 83' lang='lat' dir='ltr'><em>¹I,</em></span> <span class='ocrx_word' id='word_1_100' title='bbox 1095 2113 1155 2188; x_wconf 80' lang='lat'><em>34,</em></span> <span class='ocrx_word' id='word_1_101' title='bbox 1182 2111 1236 2194; x_wconf 90' lang='grc'><em>13)</em></span> 
     </span>
     <span class='ocr_line' id='line_1_15' title="bbox 253 2224 1234 2308; baseline -0.004 -15"><span class='ocrx_word' id='word_1_102' title='bbox 253 2233 375 2293; x_wconf 65' lang='lat' dir='ltr'><em>eoncitat</em></span> <span class='ocrx_word' id='word_1_103' title='bbox 397 2227 627 2292; x_wconf 86' lang='lat' dir='ltr'><em>emendandum</em></span> <span class='ocrx_word' id='word_1_104' title='bbox 649 2229 737 2290; x_wconf 76' lang='lat' dir='ltr'><em>rsius</em></span> <span class='ocrx_word' id='word_1_105' title='bbox 761 2229 818 2290; x_wconf 74' lang='lat' dir='ltr'><em>esi.</em></span> <span class='ocrx_word' id='word_1_106' title='bbox 853 2224 914 2290; x_wconf 80' lang='lat' dir='ltr'><em>Sed</em></span> <span class='ocrx_word' id='word_1_107' title='bbox 937 2230 1078 2290; x_wconf 74' lang='lat' dir='ltr'><em>multare</em></span> <span class='ocrx_word' id='word_1_108' title='bbox 1091 2232 1234 2308; x_wconf 79' lang='lat' dir='ltr'><em>pretium</em></span> 
     </span>
     <span class='ocr_line' id='line_1_16' title="bbox 252 2340 1235 2426; baseline -0.002 -20"><span class='ocrx_word' id='word_1_109' title='bbox 252 2342 362 2408; x_wconf 81' lang='lat' dir='ltr'><em>dubito</em></span> <span class='ocrx_word' id='word_1_110' title='bbox 385 2361 426 2406; x_wconf 89' lang='lat' dir='ltr'><em>an</em></span> <span class='ocrx_word' id='word_1_111' title='bbox 450 2342 532 2426; x_wconf 86' lang='lat' dir='ltr'><em>apud</em></span> <span class='ocrx_word' id='word_1_112' title='bbox 556 2362 745 2426; x_wconf 84' lang='lat' dir='ltr'><em>quemquam</em></span> <span class='ocrx_word' id='word_1_113' title='bbox 767 2342 954 2425; x_wconf 74' lang='lat' dir='ltr'><em>scriptorem</em></span> <span class='ocrx_word' id='word_1_114' title='bbox 978 2341 1131 2405; x_wconf 80' lang='lat' dir='ltr'><em>invenias.</em></span> <span class='ocrx_word' id='word_1_115' title='bbox 1167 2340 1235 2405; x_wconf 91' lang='lat' dir='ltr'><em>Me-</em></span> 
     </span>
     <span class='ocr_line' id='line_1_17' title="bbox 254 2455 1236 2543; baseline -0.002 -21"><span class='ocrx_word' id='word_1_116' title='bbox 254 2455 366 2523; x_wconf 87' lang='lat' dir='ltr'><em>decina</em></span> <span class='ocrx_word' id='word_1_117' title='bbox 389 2459 526 2543; x_wconf 68' lang='lat' dir='ltr'><em>petenda</em></span> <span class='ocrx_word' id='word_1_118' title='bbox 548 2458 676 2523; x_wconf 79' lang='lat' dir='ltr'><em>videtur</em></span> <span class='ocrx_word' id='word_1_119' title='bbox 697 2480 737 2522; x_wconf 85' lang='lat' dir='ltr'><em>ex</em></span> <span class='ocrx_word' id='word_1_120' title='bbox 759 2457 844 2536; x_wconf 84' lang='lat' dir='ltr'><em>loeo,</em></span> <span class='ocrx_word' id='word_1_121' title='bbox 868 2458 924 2542; x_wconf 92' lang='lat' dir='ltr'><em>qui</em></span> <span class='ocrx_word' id='word_1_122' title='bbox 947 2457 1067 2541; x_wconf 76' lang='lat' dir='ltr'><em>legitur</em></span> <span class='ocrx_word' id='word_1_123' title='bbox 1090 2457 1145 2522; x_wconf 90' lang='lat' dir='ltr'><em>lib.</em></span> <span class='ocrx_word' id='word_1_124' title='bbox 1171 2455 1236 2520; x_wconf 89' lang='lat' dir='ltr'><em>VII</em></span> 
     </span>
     <span class='ocr_line' id='line_1_18' title="bbox 249 2575 1237 2663; baseline -0.003 -24"><span class='ocrx_word' id='word_1_125' title='bbox 249 2575 288 2640; x_wconf 86' lang='lat' dir='ltr'><em>de</em></span> <span class='ocrx_word' id='word_1_126' title='bbox 323 2575 433 2641; x_wconf 84' lang='lat' dir='ltr'><em>Benei.</em></span> <span class='ocrx_word' id='word_1_127' title='bbox 474 2577 511 2654; x_wconf 84' lang='lat'><em>9,</em></span> <span class='ocrx_word' id='word_1_128' title='bbox 548 2580 586 2640; x_wconf 89' lang='lat'><em>3:</em></span> <span class='ocrx_word' id='word_1_129' title='bbox 628 2577 721 2640; x_wconf 87' lang='lat' dir='ltr'><em>Video</em></span> <span class='ocrx_word' id='word_1_130' title='bbox 756 2578 829 2663; x_wconf 82' lang='lat' dir='ltr'><em>istie</em></span> <span class='ocrx_word' id='word_1_131' title='bbox 863 2576 1065 2657; x_wconf 78' lang='lat' dir='ltr'><em>crystallino,</em></span> <span class='ocrx_word' id='word_1_132' title='bbox 1101 2581 1237 2656; x_wconf 72' lang='lat' dir='ltr'><em>quorum</em></span> 
     </span>
     <span class='ocr_line' id='line_1_19' title="bbox 250 2689 1237 2776; baseline -0.002 -20"><span class='ocrx_word' id='word_1_133' title='bbox 250 2694 394 2757; x_wconf 84' lang='lat' dir='ltr'><em>ueceudit</em></span> <span class='ocrx_word' id='word_1_134' title='bbox 416 2694 579 2775; x_wconf 71' lang='lat' dir='ltr'><em>scapilitos</em></span> <span class='ocrx_word' id='word_1_135' title='bbox 599 2693 754 2773; x_wconf 83' lang='lat' dir='ltr'><em>pretium.</em></span> <span class='ocrx_word' id='word_1_136' title='bbox 788 2689 980 2776; x_wconf 85' lang='lat' dir='ltr'><em>Analogiam</em></span> <span class='ocrx_word' id='word_1_137' title='bbox 1003 2692 1130 2755; x_wconf 81' lang='lat' dir='ltr'><em>secutus</em></span> <span class='ocrx_word' id='word_1_138' title='bbox 1153 2690 1237 2754; x_wconf 88' lang='lat' dir='ltr'><em>haud</em></span> 
     </span>
     <span class='ocr_line' id='line_1_20' title="bbox 251 2808 1234 2893; baseline -0.002 -18"><span class='ocrx_word' id='word_1_139' title='bbox 251 2811 358 2893; x_wconf 74' lang='lat' dir='ltr'><em>inepte</em></span> <span class='ocrx_word' id='word_1_140' title='bbox 393 2808 536 2874; x_wconf 82' lang='lat' dir='ltr'><em>conicere</em></span> <span class='ocrx_word' id='word_1_141' title='bbox 570 2810 672 2893; x_wconf 88' lang='lat' dir='ltr'><em>possis</em></span> <span class='ocrx_word' id='word_1_142' title='bbox 706 2809 793 2886; x_wconf 90' lang='lat' dir='ltr'><em>loco,</em></span> <span class='ocrx_word' id='word_1_143' title='bbox 829 2830 936 2892; x_wconf 90' lang='lat' dir='ltr'><em>quem.</em></span> <span class='ocrx_word' id='word_1_144' title='bbox 951 2830 1045 2892; x_wconf 84' lang='lat' dir='ltr'><em>supra</em></span> <span class='ocrx_word' id='word_1_145' title='bbox 1068 2810 1234 2886; x_wconf 73' lang='lat' dir='ltr'><em>annotavi,</em></span> 
     </span>
     <span class='ocr_line' id='line_1_21' title="bbox 250 2914 1236 3009; baseline -0.001 -19"><span class='ocrx_word' id='word_1_146' title='bbox 250 2924 401 2990; x_wconf 78' lang='lat' dir='ltr'><em>Senecam</em></span> <span class='ocrx_word' id='word_1_147' title='bbox 437 2927 553 2989; x_wconf 78' lang='lat' dir='ltr'><em>oscitat</em></span> <span class='ocrx_word' id='word_1_148' title='bbox 587 2925 771 3009; x_wconf 85' lang='lat' dir='ltr'><em>scripsisse,</em></span> <span class='ocrx_word' id='word_1_149' title='bbox 811 2925 961 3008; x_wconf 90' lang='lat' dir='ltr'><em>quoniam</em></span> <span class='ocrx_word' id='word_1_150' title='bbox 995 2926 1133 2990; x_wconf 81' lang='lat' dir='ltr'><em>eceiture</em></span> <span class='ocrx_word' id='word_1_151' title='bbox 1171 2914 1236 2990; x_wconf 80' lang='lat' dir='ltr'><em>iere</em></span> 
     </span>
     <span class='ocr_line' id='line_1_22' title="bbox 251 3039 1236 3126; baseline 0.002 -22"><span class='ocrx_word' id='word_1_152' title='bbox 251 3040 384 3104; x_wconf 88' lang='lat' dir='ltr'><em>eandem</em></span> <span class='ocrx_word' id='word_1_153' title='bbox 417 3039 484 3104; x_wconf 88' lang='lat' dir='ltr'><em>vim</em></span> <span class='ocrx_word' id='word_1_154' title='bbox 517 3039 612 3104; x_wconf 75' lang='lat' dir='ltr'><em>habeis</em></span> <span class='ocrx_word' id='word_1_155' title='bbox 645 3061 739 3123; x_wconf 80' lang='lat' dir='ltr'><em>quem</em></span> <span class='ocrx_word' id='word_1_156' title='bbox 774 3046 964 3118; x_wconf 78' lang='lat' dir='ltr'><em>ooeeudeue‚</em></span> <span class='ocrx_word' id='word_1_157' title='bbox 1000 3039 1055 3103; x_wconf 91' lang='lat' dir='ltr'><em>ubi</em></span> <span class='ocrx_word' id='word_1_158' title='bbox 1089 3041 1126 3105; x_wconf 88' lang='lat' dir='ltr'><em>de</em></span> <span class='ocrx_word' id='word_1_159' title='bbox 1161 3043 1236 3126; x_wconf 82' lang='lat' dir='ltr'><em>igne</em></span> 
     </span>
     <span class='ocr_line' id='line_1_23' title="bbox 252 3154 1236 3235; baseline 0 -15"><span class='ocrx_word' id='word_1_160' title='bbox 252 3177 354 3220; x_wconf 87' lang='lat' dir='ltr'><em>sermo</em></span> <span class='ocrx_word' id='word_1_161' title='bbox 377 3158 447 3234; x_wconf 75' lang='lat' dir='ltr'><em>esi,</em></span> <span class='ocrx_word' id='word_1_162' title='bbox 482 3157 521 3221; x_wconf 90' lang='lat' dir='ltr'><em>cf.</em></span> <span class='ocrx_word' id='word_1_163' title='bbox 546 3155 633 3221; x_wconf 77' lang='lat' dir='ltr'><em>Caes.</em></span> <span class='ocrx_word' id='word_1_164' title='bbox 669 3156 706 3220; x_wconf 94' lang='lat' dir='ltr'><em>B.</em></span> <span class='ocrx_word' id='word_1_165' title='bbox 731 3156 769 3221; x_wconf 78' lang='lat' dir='ltr'><em>G.</em></span> <span class='ocrx_word' id='word_1_166' title='bbox 795 3155 877 3234; x_wconf 86' lang='lat' dir='ltr'>VII,</span> <span class='ocrx_word' id='word_1_167' title='bbox 903 3160 963 3233; x_wconf 71' lang='lat'><em>243</em></span> <span class='ocrx_word' id='word_1_168' title='bbox 986 3155 1055 3220; x_wconf 87' lang='lat' dir='ltr'><strong>Iuv.</strong></span> <span class='ocrx_word' id='word_1_169' title='bbox 1080 3154 1144 3221; x_wconf 75' lang='lat' dir='ltr'><em>Sai.</em></span> <span class='ocrx_word' id='word_1_170' title='bbox 1169 3156 1236 3235; x_wconf 85' lang='lat'>111,</span> 
     </span>
     <span class='ocr_line' id='line_1_24' title="bbox 253 3273 1236 3359; baseline 0.005 -23"><span class='ocrx_word' id='word_1_171' title='bbox 253 3276 327 3338; x_wconf 88' lang='lat'><strong>262.</strong></span> <span class='ocrx_word' id='word_1_172' title='bbox 372 3273 475 3350; x_wconf 82' lang='lat' dir='ltr'><em>Quum</em></span> <span class='ocrx_word' id='word_1_173' title='bbox 498 3296 572 3339; x_wconf 87' lang='lat' dir='ltr'><em>vero</em></span> <span class='ocrx_word' id='word_1_174' title='bbox 596 3276 693 3340; x_wconf 81' lang='lat' dir='ltr'><em>eiiam</em></span> <span class='ocrx_word' id='word_1_175' title='bbox 716 3282 852 3340; x_wconf 68' lang='lat' dir='ltr'><em>excitare</em></span> <span class='ocrx_word' id='word_1_176' title='bbox 873 3281 1016 3359; x_wconf 82' lang='lat' dir='ltr'><em>pretium</em></span> <span class='ocrx_word' id='word_1_177' title='bbox 1040 3277 1108 3340; x_wconf 88' lang='lat' dir='ltr'><em>sine</em></span> <span class='ocrx_word' id='word_1_178' title='bbox 1132 3298 1236 3341; x_wconf 82' lang='lat' dir='ltr'><em>exem-</em></span> 
     </span>
     <span class='ocr_line' id='line_1_25' title="bbox 254 3390 1237 3475; baseline 0.004 -22"><span class='ocrx_word' id='word_1_179' title='bbox 254 3390 305 3474; x_wconf 92' lang='lat' dir='ltr'><em>plo</em></span> <span class='ocrx_word' id='word_1_180' title='bbox 329 3391 389 3469; x_wconf 80' lang='lat' dir='ltr'><em>sii,</em></span> <span class='ocrx_word' id='word_1_181' title='bbox 413 3392 520 3456; x_wconf 91' lang='lat' dir='ltr'><em>nescio</em></span> <span class='ocrx_word' id='word_1_182' title='bbox 543 3413 585 3456; x_wconf 91' lang='lat' dir='ltr'><em>an</em></span> <span class='ocrx_word' id='word_1_183' title='bbox 607 3393 725 3456; x_wconf 81' lang='lat' dir='ltr'><em>rectius</em></span> <span class='ocrx_word' id='word_1_184' title='bbox 749 3393 913 3475; x_wconf 80' lang='lat' dir='ltr'><em>tutiusque</em></span> <span class='ocrx_word' id='word_1_185' title='bbox 936 3396 969 3457; x_wconf 79' lang='lat' dir='ltr'><em>ei</em></span> <span class='ocrx_word' id='word_1_186' title='bbox 992 3394 1022 3456; x_wconf 92' lang='lat' dir='ltr'><em>h.</em></span> <span class='ocrx_word' id='word_1_187' title='bbox 1048 3392 1069 3456; x_wconf 91' lang='lat' dir='ltr'><em>l.</em></span> <span class='ocrx_word' id='word_1_188' title='bbox 1095 3398 1237 3458; x_wconf 82' lang='lat' dir='ltr'><em>accendit</em></span> 
     </span>
     <span class='ocr_line' id='line_1_26' title="bbox 254 3509 452 3572; baseline 0.01 -2"><span class='ocrx_word' id='word_1_189' title='bbox 254 3509 452 3572; x_wconf 74' lang='lat' dir='ltr'><em>resiiiuaiur.</em></span> 
     </span>
    </p>
   </div>
   <div class='ocr_carea' id='block_1_4' title="bbox 539 3831 950 3907">
    <p class='ocr_par' dir='ltr' id='par_1_5' title="bbox 539 3831 950 3907">
     <span class='ocr_line' id='line_1_27' title="bbox 539 3831 950 3907; baseline 0 -12"><span class='ocrx_word' id='word_1_190' title='bbox 539 3833 711 3896; x_wconf 66' lang='lat' dir='ltr'><em>assuentes</em></span> <span class='ocrx_word' id='word_1_191' title='bbox 734 3831 950 3907; x_wconf 73' lang='lat' dir='ltr'><em>Quassnouss.</em></span> 
     </span>
    </p>
   </div>
   <div class='ocr_carea' id='block_1_5' title="bbox 251 3969 1237 4402">
    <p class='ocr_par' dir='ltr' id='par_1_6' title="bbox 251 3969 1237 4402">
     <span class='ocr_line' id='line_1_28' title="bbox 299 3969 1236 4057; baseline 0.002 -23"><span class='ocrx_word' id='word_1_192' title='bbox 299 3969 368 4036; x_wconf 86' lang='lat' dir='ltr'><em>Lib.</em></span> <span class='ocrx_word' id='word_1_193' title='bbox 404 3971 439 4051; x_wconf 84' lang='grc' dir='ltr'><em>Ι,</em></span> <span class='ocrx_word' id='word_1_194' title='bbox 474 3974 552 4057; x_wconf 89' lang='lat' dir='ltr'><em>prol.</em></span> <span class='ocrx_word' id='word_1_195' title='bbox 589 3979 628 4039; x_wconf 83' lang='lat'><em>4:</em></span> <span class='ocrx_word' id='word_1_196' title='bbox 675 3975 831 4057; x_wconf 83' lang='lat' dir='ltr'><em>Equidem</em></span> <span class='ocrx_word' id='word_1_197' title='bbox 865 3982 942 4038; x_wconf 84' lang='lat' dir='ltr'><em>tuuc</em></span> <span class='ocrx_word' id='word_1_198' title='bbox 963 3983 1105 4038; x_wconf 81' lang='lat' dir='ltr'><em>uuturae</em></span> <span class='ocrx_word' id='word_1_199' title='bbox 1126 3994 1236 4036; x_wconf 82' lang='lat' dir='ltr'><em>rerum</em></span> 
     </span>
     <span class='ocr_line' id='line_1_29' title="bbox 253 4090 1237 4174; baseline 0.002 -23"><span class='ocrx_word' id='word_1_200' title='bbox 253 4090 375 4171; x_wconf 73' lang='lat' dir='ltr'><em>pretias</em></span> <span class='ocrx_word' id='word_1_201' title='bbox 398 4113 470 4173; x_wconf 78' lang='lat' dir='ltr'><em>opo,</em></span> <span class='ocrx_word' id='word_1_202' title='bbox 495 4114 569 4155; x_wconf 84' lang='lat' dir='ltr'><em>cum</em></span> <span class='ocrx_word' id='word_1_203' title='bbox 591 4094 683 4156; x_wconf 85' lang='lat' dir='ltr'><em>illum</em></span> <span class='ocrx_word' id='word_1_204' title='bbox 706 4113 771 4155; x_wconf 86' lang='lat' dir='ltr'><em>uou</em></span> <span class='ocrx_word' id='word_1_205' title='bbox 793 4096 831 4156; x_wconf 85' lang='lat' dir='ltr'><em>ab</em></span> <span class='ocrx_word' id='word_1_206' title='bbox 854 4097 913 4156; x_wconf 86' lang='lat' dir='ltr'><em>huc</em></span> <span class='ocrx_word' id='word_1_207' title='bbox 933 4101 1028 4174; x_wconf 81' lang='lat' dir='ltr'><em>perte</em></span> <span class='ocrx_word' id='word_1_208' title='bbox 1050 4092 1139 4154; x_wconf 88' lang='lat' dir='ltr'><em>uideo</em></span> <span class='ocrx_word' id='word_1_209' title='bbox 1158 4111 1237 4171; x_wconf 82' lang='lat' dir='ltr'><em>quoe</em></span> 
     </span>
     <span class='ocr_line' id='line_1_30' title="bbox 251 4205 1235 4286; baseline 0.001 -19"><span class='ocrx_word' id='word_1_210' title='bbox 251 4205 378 4286; x_wconf 76' lang='lat' dir='ltr'><em>publiea</em></span> <span class='ocrx_word' id='word_1_211' title='bbox 414 4215 476 4286; x_wconf 81' lang='lat' dir='ltr'><em>est,</em></span> <span class='ocrx_word' id='word_1_212' title='bbox 513 4211 566 4270; x_wconf 80' lang='lat' dir='ltr'><em>sed</em></span> <span class='ocrx_word' id='word_1_213' title='bbox 600 4229 673 4272; x_wconf 84' lang='lat' dir='ltr'><em>eum</em></span> <span class='ocrx_word' id='word_1_214' title='bbox 706 4214 873 4272; x_wconf 78' lang='lat' dir='ltr'><em>secretiora</em></span> <span class='ocrx_word' id='word_1_215' title='bbox 896 4209 964 4272; x_wconf 84' lang='lat' dir='ltr'><em>eius</em></span> <span class='ocrx_word' id='word_1_216' title='bbox 987 4207 1126 4284; x_wconf 72' lang='lat' dir='ltr'><em>iuscuoi,</em></span> <span class='ocrx_word' id='word_1_217' title='bbox 1162 4221 1235 4268; x_wconf 82' lang='lat' dir='ltr'><em>oum</em></span> 
     </span>
     <span class='ocr_line' id='line_1_31' title="bbox 253 4321 1236 4402; baseline 0.005 -21"><span class='ocrx_word' id='word_1_218' title='bbox 253 4321 336 4383; x_wconf 84' lang='lat' dir='ltr'><em>disco</em></span> <span class='ocrx_word' id='word_1_219' title='bbox 370 4342 449 4402; x_wconf 78' lang='lat' dir='ltr'><em>quoe</em></span> <span class='ocrx_word' id='word_1_220' title='bbox 471 4323 615 4386; x_wconf 74' lang='lat' dir='ltr'><em>uniuersi</em></span> <span class='ocrx_word' id='word_1_221' title='bbox 638 4325 778 4388; x_wconf 76' lang='lat' dir='ltr'><em>materia</em></span> <span class='ocrx_word' id='word_1_222' title='bbox 801 4325 843 4388; x_wconf 80' lang='lat' dir='ltr'><em>sit</em></span> <span class='ocrx_word' id='word_1_223' title='bbox 868 4371 1059 4387; x_wconf 88' lang='grc'><strong>.........</strong></span> <span class='ocrx_word' id='word_1_224' title='bbox 1099 4325 1170 4387; x_wconf 87' lang='lat' dir='ltr'><em>Nisi</em></span> <span class='ocrx_word' id='word_1_225' title='bbox 1192 4325 1236 4386; x_wconf 85' lang='lat' dir='ltr'><em>ad</em></span> 
     </span>
    </p>
   </div>
   <div class='ocr_carea' id='block_1_6' title="bbox 0 0 1603 5114">
    <p class='ocr_par' dir='ltr' id='par_1_7' title="bbox 0 0 1603 5114">
     <span class='ocr_line' id='line_1_32' title="bbox 0 0 1603 5114; baseline 0 0"><span class='ocrx_word' id='word_1_226' title='bbox 0 0 1603 5114; x_wconf 95' lang='lat' dir='ltr'><em> </em></span> 
     </span>
    </p>
   </div>
  </div>
 </body>
</html>
