3190 5114
730 504 768 564 21

259 717 327 771 turn
364 711 427 770 ulte
462 713 568 773 iacent
582 757 681 785 .....
718 713 786 772 dico
810 707 975 792 [cometus]
1001 728 1066 770 uou
1089 711 1239 787 fortuitos

259 848 323 888 esse
355 830 460 906 ipues,
498 830 552 889 sed
586 832 726 889 iuteetos
749 827 886 899 muudo,
909 845 983 911 quos
1006 845 1072 886 riou
1094 827 1242 904 frequeu-

258 949 307 1004 ter
341 945 462 1017 educit,
494 945 548 1005 sed
582 947 617 1004 iu
651 943 780 1025 occulto
804 947 916 1002 movet.
944 975 982 984 —
1008 935 1114 1021 Magis
1137 936 1242 1020 placet

257 1056 288 1120 h.
313 1057 334 1120 l.
360 1062 453 1137 soret.

525 1513 529 1522 ,
590 1444 753 1507 [sistunt
770 1444 915 1506 nocctes.

299 1629 360 1713 Ep.
397 1632 434 1705 8,
474 1633 510 1693 3:
571 1631 691 1704 Vitate,
730 1649 943 1709 quoecumque
977 1631 1062 1709 colpe
1094 1630 1240 1708 placent,

257 1768 336 1827 quoe
373 1769 463 1809 rusus
501 1750 667 1810 adtribuit.
709 1750 752 1809 ud
789 1768 881 1810 cuiue
915 1750 1088 1826 fortuitum
1122 1749 1240 1808 bouuru

193 1868 196 1874 '
257 1866 421 1942 suspiciosi
450 1866 624 1945 paridique
653 1866 831 1926 subsistite:
867 1872 896 1926 et
919 1868 991 1944 feru
1014 1873 1045 1926 et
1064 1868 1161 1944 piscis
1188 1885 1242 1944 spe

256 1983 364 2061 aliquo
386 1985 558 2046 obtectuute
581 1985 749 2063 decipitur.
774 2020 802 2028 --
820 1978 1043 2064 Neglexerunt
1059 1979 1159 2043 adhuc
1174 1979 1240 2042 edi-

255 2097 338 2158 tores
375 2112 481 2160 veram
513 2096 683 2160 lectionem
714 2101 815 2178 specie
837 2096 1014 2161 restituere.
1062 2095 1132 2160 Hoc
1155 2097 1241 2160 enim

256 2215 364 2275 monet
397 2211 515 2277 Seneca
537 2235 578 2277 ne
601 2214 766 2277 brutorum
789 2234 895 2290 more,
920 2236 1070 2278 sensuum
1092 2214 1240 2279 ludibriis

256 2331 289 2392 et
310 2328 484 2392 mendaciis
507 2331 607 2413 eapti,
639 2333 770 2394 externa
793 2351 899 2394 rerum
921 2330 1022 2394 forme
1044 2333 1077 2402 et
1099 2331 1240 2416 imagine

254 2443 410 2508 fallemur.
436 2444 465 2528 *)

299 2563 359 2647 Ep.
387 2566 447 2639 18,
471 2567 509 2627 3:
555 2568 614 2627 His
645 2569 787 2627 mariue
822 2568 930 2627 diebus
953 2564 987 2648 [i.
1014 2585 1039 2627 e.
1065 2562 1241 2628 Saturnali-

255 2681 328 2764 bus]
364 2686 473 2743 auiruo
509 2685 738 2762 imperandum
773 2689 833 2754 cst,
868 2689 904 2742 ut
929 2688 1006 2742 tuuc
1028 2683 1242 2761 uoluptatibus

256 2800 339 2860 solus
362 2800 536 2873 ubstiueut,
561 2818 634 2859 cum
650 2801 686 2858 iu
699 2799 770 2858 illus
786 2800 889 2858 curuis
903 2799 996 2857 turba
1005 2799 1183 2876 procubuit.
1198 2833 1240 2842 -

256 2909 396 2974 Verbum
428 2914 634 2992 procumbere
659 2909 689 2972 h.
715 2909 735 2971 l.
762 2908 940 2972 inclinandi
963 2909 1029 2972 vim
1051 2908 1167 2973 habere
1191 2910 1242 2974 in·

256 3029 408 3108 terpretes
432 3026 523 3091 nobis
547 3026 718 3103 affirmant,
743 3027 788 3088 ite
812 3029 847 3089 ut
863 3026 1066 3109 procumbere
1081 3027 1116 3089 in
1131 3027 1241 3111 volup-

255 3144 337 3206 tates
365 3143 449 3207 idem
473 3145 532 3222 sit,
568 3143 650 3227 quod
674 3142 828 3208 inclinare
852 3143 892 3206 ed
915 3142 1105 3228 voluptates.
1154 3144 1242 3220 Quod

255 3258 334 3340 quin
367 3260 452 3323 recte
486 3259 615 3323 omnino
651 3280 683 3322 se
717 3258 831 3322 hebeat
860 3279 925 3323 non
956 3258 1154 3336 dubitarem,
1177 3261 1242 3323 nisi

255 3376 410 3453 obstaret,
442 3377 524 3460 quod
547 3375 774 3461 procumbendi
798 3375 945 3452 verbum,
978 3376 1006 3438 si
1028 3376 1114 3439 hunc
1136 3375 1240 3440 locum

255 3494 411 3576 excipias,
447 3493 485 3557 de
516 3492 696 3557 hominibus
721 3492 760 3568 cd
782 3492 840 3556 hoc
865 3491 984 3556 illudve
1008 3492 1238 3557 inclinantibus

254 3630 409 3692 nusquam
443 3611 570 3695 legitur.
618 3607 691 3672 Ideo
725 3615 874 3691 prorupit
902 3609 1104 3674 scribendum
1127 3611 1238 3673 existi·

254 3745 321 3801 mo,
354 3724 437 3807 quod
472 3725 510 3788 de
543 3723 637 3788 turbe
673 3724 709 3787 in
743 3723 996 3789 Saturnaliorum
1031 3727 1163 3790 licentio
1180 3754 1183 3760 ¹
1198 3725 1238 3788 ad

254 3859 345 3902 omne
380 3839 577 3923 voluptatum
614 3861 715 3924 genus
750 3841 846 3903 effuse
880 3840 987 3905 dedite
1010 3844 1084 3924 apte
1106 3840 1235 3906 dicitur.
1357 3916 1359 3920 Ι

254 3953 300 4018 Of.
325 3955 397 4018 Tae.
422 3952 507 4019 Ann.
533 3954 588 4019 VI.
614 3957 673 4034 51,
697 3955 757 4034 XI,
782 3959 834 4022 35.

288 4237 314 4303 *)
332 4239 410 4302 Quem
427 4241 497 4290 facile
513 4241 538 4290 in
558 4242 632 4292 codd.
650 4256 703 4307 spes
721 4245 745 4291 et
762 4241 854 4306 speeies
865 4243 997 4307 permutari
1009 4241 1134 4306 potuerint
1145 4240 1235 4305 optimc

253 4334 321 4396 petet
337 4349 365 4382 ex
382 4333 561 4384 Wcttenbechii
577 4334 652 4395 libro,
671 4336 728 4386 Anl.
746 4354 769 4387 z.
789 4338 843 4386 Lat.
862 4335 1050 4401 Pclecogrephie
1067 4352 1090 4400 p.
1111 4335 1152 4385 32.
