3190 5114
739 495 779 559 35

266 703 456 788 moestisque
478 723 573 782 super
592 703 739 782 pluribus
762 702 857 780 liquis
880 717 1032 760 excusare
1055 700 1153 777 eoepit
1177 717 1243 759 mo-

267 837 348 880 rum.
386 855 426 864 -
466 816 677 882 Buechelerus
714 817 782 880 iure
822 815 1038 899 quaestionem
1075 812 1243 897 proponit:

267 931 320 995 ubi
342 931 530 997 collocavit?
575 932 740 996 Excidisse
763 929 917 996 nonnulla
940 929 1017 992 satis
1040 928 1244 991 manifestum

267 1047 323 1109 001.
371 1043 444 1110 Nisi
465 1047 542 1132 quid
564 1047 695 1127 melius,
731 1049 767 1110 01
791 1045 968 1129 corrigatur
990 1063 1131 1127 propono
1154 1045 1243 1105 eollo-

267 1165 349 1222 caue't
381 1163 439 1223 illu
473 1161 508 1224 in
541 1160 650 1225 favilla
679 1166 784 1243 icuem
816 1163 912 1222 cussis
935 1160 1148 1222 arundinibus
1171 1178 1242 1220 eou-

266 1283 392 1340 tectum.
449 1277 536 1340 Fieri
573 1277 659 1340 enim
696 1276 821 1359 potuit,
859 1278 895 1339 01
932 1274 1080 1338 librarius
1115 1275 1244 1357 propter

266 1391 400 1475 syllabas
435 1395 519 1458 10100
552 1415 584 1457 00
619 1391 797 1457 simillimas
832 1394 1029 1456 coacervatas
1052 1392 1241 1476 (cultillum-

192 1517 194 1520 '
265 1509 391 1593 sacillo)
425 1511 460 1574 in
494 1532 628 1575 errorem
663 1510 872 1574 induceretur.
927 1507 1017 1592 Ignis
1052 1500 1157 1573 aulem
1192 1529 1242 1572 00-

265 1626 401 1690 01100100
428 1631 504 1691 0001.
552 1626 715 1692 Oenothea
740 1649 844 1691 casam
866 1625 1039 1711 reliquerat
1062 1625 1101 1689 ad
1124 1649 1241 1691 novum

265 1743 445 1825 petendum.
470 1743 579 1806 Rediit
598 1727 673 1808 vcum
695 1744 778 1806 10010
792 1743 878 1827 ignis
893 1741 1000 1825 pleno,
1024 1764 1117 1827 quem
1129 1743 1240 1808 deinde

266 1859 362 1922 cassis
385 1860 610 1938 arundinibus,
634 1860 673 1924 ad
696 1859 960 1924 exardescendum
982 1859 1145 1938 facilibus,
1169 1882 1240 1924 eou-

264 1985 382 2040 teetum
405 1977 440 2040 in
461 1977 572 2042 favilla
593 1980 722 2061 tepente
745 1977 859 2060 posuit.

308 2065 388 2155 Ibid.
438 2096 536 2168 Quem
571 2091 741 2178 [anserem]
764 2114 847 2155 uuus
869 2101 906 2155 ut
929 2095 1025 2169 vidit,
1060 2099 1128 2155 tum
1151 2114 1240 2173 moq-

264 2233 345 2275 uum
378 2233 476 2296 aeque
509 2213 678 2273 clamorem
710 2212 855 2285 sustulit,
891 2217 928 2272 ut
958 2219 1090 2290 putores
1121 2216 1240 2273 iterum

264 2346 390 2388 uuseres
431 2328 529 2387 limeu
567 2329 712 2387 intrasse.
752 2361 793 2370 —
829 2320 974 2386 Annotat
1013 2321 1238 2386 Buechelerus:

265 2463 373 2527 ,oeque
396 2443 585 2524 corruptum.
610 2440 802 2504 adiectivum
825 2439 913 2504 00101
936 2448 1119 2527 trucemque
1141 2441 1240 2504 inter-

266 2557 377 2622 cidisse
412 2580 448 2622 eo
481 2559 548 2622 veri
582 2557 717 2620 similius
741 2556 822 2640 quod
845 2579 910 2621 non
933 2566 1062 2620 tautum
1085 2559 1239 2641 scriptum

265 2673 333 2736 est'.
380 2673 537 2757 Equidem
569 2673 697 2736 omnino
722 2672 917 2748 consentior,
952 2672 1016 2734 nisi
1039 2671 1120 2755 quod
1136 2694 1240 2757 voeque

267 2813 305 2854 ex
328 2813 495 2875 acremque
519 2789 723 2872 depravatum
746 2809 813 2851 esse
836 2789 941 2871 potius
965 2787 1159 2852 crediderim.

309 2905 342 2969 O.
381 2906 461 2970 137:
508 2907 754 2968 Proselenos...
790 2909 897 2967 viso..
933 2925 1045 2967 uasere
1078 2910 1237 2969 occiso...

265 3027 340 3104 [lere
373 3027 588 3086 uehementius
611 3027 710 3102 eoepit
731 3027 856 3106 meique
879 3026 1041 3099 misereri,
1074 3032 1239 3107 tamquam

263 3151 390 3222 putrem
414 3163 535 3217 meum,
558 3162 624 3202 uou
636 3142 799 3221 publicum
812 3161 969 3216 auserem,
994 3143 1182 3203 occidissem.
1198 3177 1238 3186 -

266 3254 347 3330 Quid
378 3258 541 3336 publicum
576 3252 638 3317 sibi
660 3253 738 3317 00111
760 3275 824 3317 non
847 3253 946 3316 videa.
994 3250 1098 3317 Anser
1120 3255 1240 3318 occisus

266 3392 352 3436 sacer
394 3370 491 3434 luisse
529 3370 662 3433 videtur.
718 3366 870 3433 Desidero
911 3369 1117 3449 adieobivum,
1160 3370 1241 3454 quod

266 3485 506 3549 deminutivam·
530 3485 596 3548 vim
634 3482 736 3548 habet.
795 3484 939 3548 Fortasse
973 3489 1129 3566 pusillum
1168 3506 1241 3548 vera

185 3578 188 3582 A
265 3600 360 3666 lectio
383 3605 440 3666 est.
499 3651 501 3656 .
