3190 5114
821 503 863 566 64

349 715 492 786 temporo
515 704 545 767 h.
570 702 591 767 l.
616 706 653 770 ut
678 705 802 788 saepius
827 703 903 768 alibi
925 704 990 768 fere
1015 704 1098 769 idem
1122 704 1227 770 valere
1246 706 1328 790 quod

349 819 556 884 calamitates.

392 935 426 1000 0.
464 937 501 1013 9,
536 935 574 997 5:
621 936 899 998 Praetereundum
930 956 995 1029 non
1018 944 1064 998 est
1085 938 1175 998 hond
1197 937 1330 1032 ipnobile

347 1058 543 1135 facetiarum
578 1072 686 1133 penus.
735 1054 820 1114 Nam
844 1073 917 1115 cum
940 1074 1016 1133 pree·
1039 1055 1215 1118 Persarum
1238 1058 1328 1134 quasi

348 1175 548 1252 captiuorum
569 1191 628 1251 per
647 1190 859 1251 pompam...
884 1173 1071 1248 duceretur,
1094 1174 1227 1252 quidam
1241 1195 1328 1237 scur-

347 1309 403 1352 rae
436 1292 635 1350 miscuerunt
666 1308 698 1349 se
720 1289 851 1365 Persis,
887 1289 1128 1368 dilipentissime
1150 1298 1328 1355 scrutantes

347 1409 457 1470 omnia
491 1412 585 1486 atque
615 1383 867 1485 uniuscuiuscue
889 1406 1017 1467 vultum
1039 1409 1126 1468 mira
1149 1410 1328 1472 inhiatione

346 1526 512 1586 mirantes.
536 1523 690 1602 aquibus
714 1542 787 1583 cum
802 1528 1027 1601 quaereretur,
1051 1526 1206 1603 annnam
1221 1533 1328 1605 aperet

346 1642 403 1702 illo
438 1641 582 1715 solertia,
617 1640 666 1699 illi
699 1641 942 1718 responderunt.
994 1641 1145 1704 »Patrem
1168 1645 1328 1723 principis

345 1752 557 1838 quaerimus.'’
583 1791 623 1800 -
647 1751 876 1838 Corrigendum
910 1757 974 1818 eet:
1008 1733 1164 1838 quidnam
1198 1766 1328 1838 operent

346 1875 402 1936 illo
436 1874 616 1935 insolentia.
663 1869 794 1934 Etenim
826 1869 980 1954 principie
1015 1873 1105 1955 peter
1139 1873 1282 1956 captivus
1308 1895 1326 1936 e

346 1983 451 2049 Persis
487 1985 693 2049 retinebatur.
740 1983 917 2050 insolentes
944 1989 1050 2050 autem
1073 1988 1161 2052 fuero
1184 2010 1326 2067 scurrae,

345 2102 402 2186 qui
424 2099 570 2164 Gallieno
593 2100 835 2184 exprobrarent,
860 2123 931 2166 eum
954 2103 1054 2186 petris
1077 2102 1327 2188 redemptionem
1357 2131 1360 2136 ·

346 2214 397 2280 vei
420 2214 575 2281 ultionem
598 2215 694 2300 impie
717 2216 890 2299 negligere.

734 2454 928 2462 ———

519 2618 666 2682 trierim
685 2618 840 2681 pontons
858 2619 986 2684 ttmun
1005 2619 1156 2683 tttttnta

390 2794 424 2860 O.
461 2799 499 2876 6,
535 2801 573 2861 3:
622 2799 710 2860 Tune
743 2801 911 2876 interfecto
946 2802 1045 2860 etiam
1078 2801 1221 2862 Lolliano
1244 2801 1327 2862 solus

352 2918 529 2980 Victorinus
564 2919 599 2976 in
634 2918 768 2994 imperio
791 2919 965 2992 remansit,
999 2919 1053 2996 qui
1076 2923 1106 2978 et
1129 2921 1211 2996 ipse,
1245 2919 1328 2997 quod

346 3034 563 3092 matrimoniis
602 3033 745 3092 militum
785 3038 815 3093 et
853 3033 1050 3094 militarium
1088 3036 1326 3113 corrumpendis

345 3167 476 3228 operam
510 3149 619 3224 daret,
655 3168 675 3208 a
710 3119 848 3227 quodam
874 3153 1037 3226 actuario,
1072 3155 1163 3214 euius
1193 3171 1327 3214 notorem

344 3273 549 3346 stupraverat
557 3312 638 3327 .....
664 3285 831 3345 percussus
854 3265 940 3349 [eet].
968 3303 1008 3313 -
1031 3264 1147 3350 Inepta
1169 3288 1230 3331 vax
1253 3269 1282 3332 h.
1304 3269 1325 3332 l.

344 3386 393 3450 eet
426 3387 631 3446 militarium.
679 3381 741 3446 Vr.
771 3382 891 3446 milites
914 3383 1000 3447 enim
1023 3386 1056 3447 et
1078 3385 1232 3449 militares
1255 3407 1326 3470 pro·

344 3502 464 3565 misoue
487 3522 610 3584 semper
632 3522 651 3563 a
673 3497 802 3583 Scriptt.
827 3500 912 3565 Hist.
938 3499 1021 3587 Aug.
1047 3506 1257 3586 usurpantur,
1281 3505 1326 3567 ite

343 3620 380 3681 ut
404 3617 484 3682 nihil
507 3615 679 3702 quidquam
703 3616 788 3680 inter
803 3619 973 3701 utrumque
988 3618 1124 3684 intersit.
1150 3618 1233 3684 Vide
1248 3639 1326 3685 num

345 3732 567 3818 corrigendum
591 3733 634 3796 sit
657 3735 887 3813 familiarium.

388 3846 421 3912 O.
460 3850 499 3925 8,
535 3848 573 3911 6:
620 3844 770 3932 [Murius]
794 3852 911 3911 occisus
934 3857 979 3911 est
1003 3853 1183 3930 aquodam
1205 3854 1324 3927 milite,

343 3969 413 4046 qui,
451 3985 524 4026 cum
558 3968 626 4027 cius
661 3969 823 4045 qnondam
847 3971 882 4028 in
904 3968 1017 4046 fabrili
1039 3971 1172 4048 officina
1195 3971 1326 4047 fuisset,

343 4087 539 4159 contemptus
574 4087 619 4141 est
653 4081 691 4140 ab
726 4083 842 4142 eodem.
870 4116 908 4125 -
934 4075 1017 4144 Satis
1054 4082 1255 4166 perspicuum
1278 4084 1326 4146 est

343 4200 412 4259 eius
446 4193 650 4278 depravatum
682 4215 749 4258 esse
784 4215 823 4257 ex
857 4195 956 4259 socius
980 4196 1049 4260 coll.
1075 4199 1092 4281 ᾗ
1119 4200 1155 4261 l:
1203 4201 1325 4264 Marius

331 4305 381 4374 'eo
403 4311 508 4389 fabro,
532 4318 569 4371 ut
592 4310 726 4386 dieitur,
750 4311 891 4389 ferrario
914 4318 983 4376 cett.
