<?xml version="1.0" encoding="UTF-8"?>
<!DOCTYPE html PUBLIC "-//W3C//DTD XHTML 1.0 Transitional//EN"
    "http://www.w3.org/TR/xhtml1/DTD/xhtml1-transitional.dtd">
<html xmlns="http://www.w3.org/1999/xhtml" xml:lang="en" lang="en">
 <head>
  <title>
</title>
<meta http-equiv="Content-Type" content="text/html;charset=utf-8" />
  <meta name='ocr-system' content='tesseract 3.04.00' />
  <meta name='ocr-capabilities' content='ocr_page ocr_carea ocr_par ocr_line ocrx_word'/>
</head>
<body>
  <div class='ocr_page' id='page_1' title='image "./conjectanealati00corngoog_0043.png"; bbox 0 0 3190 5114; ppageno 0'>
   <div class='ocr_carea' id='block_1_1' title="bbox 825 498 866 556">
    <p class='ocr_par' dir='ltr' id='par_1_1' title="bbox 825 498 866 556">
     <span class='ocr_line' id='line_1_1' title="bbox 825 498 866 556; baseline 0 0"><span class='ocrx_word' id='word_1_1' title='bbox 825 498 866 556; x_wconf 88' lang='grc'>22</span> 
     </span>
    </p>
   </div>
   <div class='ocr_carea' id='block_1_2' title="bbox 274 697 1334 2528">
    <p class='ocr_par' dir='ltr' id='par_1_2' title="bbox 351 697 1334 1246">
     <span class='ocr_line' id='line_1_2' title="bbox 395 697 1334 782; baseline -0.001 -19"><span class='ocrx_word' id='word_1_2' title='bbox 395 698 434 764; x_wconf 90' lang='lat' dir='ltr'>In</span> <span class='ocrx_word' id='word_1_3' title='bbox 457 700 515 764; x_wconf 88' lang='lat' dir='ltr'>cad</span> <span class='ocrx_word' id='word_1_4' title='bbox 537 697 595 782; x_wconf 90' lang='grc' dir='ltr'>ΕΡ.</span> <span class='ocrx_word' id='word_1_5' title='bbox 622 699 639 782; x_wconf 61' lang='grc' dir='ltr'>ἓ</span> <span class='ocrx_word' id='word_1_6' title='bbox 664 699 702 762; x_wconf 89' lang='lat'>6:</span> <span class='ocrx_word' id='word_1_7' title='bbox 750 702 840 762; x_wconf 86' lang='lat' dir='ltr'>Miles</span> <span class='ocrx_word' id='word_1_8' title='bbox 874 705 910 762; x_wconf 83' lang='lat' dir='ltr'>ia</span> <span class='ocrx_word' id='word_1_9' title='bbox 945 704 1052 763; x_wconf 88' lang='lat' dir='ltr'>media</span> <span class='ocrx_word' id='word_1_10' title='bbox 1084 721 1163 781; x_wconf 87' lang='lat' dir='ltr'>pace</span> <span class='ocrx_word' id='word_1_11' title='bbox 1193 703 1334 764; x_wconf 75' lang='lat' dir='ltr'><em>decurrit</em></span> 
     </span>
     <span class='ocr_line' id='line_1_3' title="bbox 351 819 1334 904; baseline -0.002 -21"><span class='ocrx_word' id='word_1_12' title='bbox 351 825 419 883; x_wconf 85' lang='lat' dir='ltr'>siae</span> <span class='ocrx_word' id='word_1_13' title='bbox 452 821 516 881; x_wconf 85' lang='lat' dir='ltr'>alto</span> <span class='ocrx_word' id='word_1_14' title='bbox 551 822 653 904; x_wconf 83' lang='lat' dir='ltr'>haste,</span> <span class='ocrx_word' id='word_1_15' title='bbox 685 819 807 880; x_wconf 84' lang='lat' dir='ltr'>cattam</span> <span class='ocrx_word' id='word_1_16' title='bbox 831 823 907 881; x_wconf 88' lang='lat' dir='ltr'>iacit</span> <span class='ocrx_word' id='word_1_17' title='bbox 930 826 985 880; x_wconf 88' lang='lat' dir='ltr'>cet.</span> <span class='ocrx_word' id='word_1_18' title='bbox 1011 852 1055 864; x_wconf 90' lang='lat'>—</span> <span class='ocrx_word' id='word_1_19' title='bbox 1086 819 1209 879; x_wconf 81' lang='lat' dir='ltr'><em>Vallum</em></span> <span class='ocrx_word' id='word_1_20' title='bbox 1232 823 1334 881; x_wconf 83' lang='lat' dir='ltr'>iacere</span> 
     </span>
     <span class='ocr_line' id='line_1_4' title="bbox 351 933 1334 1000; baseline -0.002 0"><span class='ocrx_word' id='word_1_21' title='bbox 351 937 405 1000; x_wconf 83' lang='lat' dir='ltr'>vix</span> <span class='ocrx_word' id='word_1_22' title='bbox 439 933 590 999; x_wconf 87' lang='lat' dir='ltr'>Latinum</span> <span class='ocrx_word' id='word_1_23' title='bbox 622 957 688 999; x_wconf 88' lang='lat' dir='ltr'>esse</span> <span class='ocrx_word' id='word_1_24' title='bbox 721 935 822 1000; x_wconf 87' lang='lat' dir='ltr'>creda.</span> <span class='ocrx_word' id='word_1_25' title='bbox 869 933 1005 999; x_wconf 76' lang='lat' dir='ltr'>Senecae</span> <span class='ocrx_word' id='word_1_26' title='bbox 1029 939 1117 998; x_wconf 83' lang='lat' dir='ltr'>ducit</span> <span class='ocrx_word' id='word_1_27' title='bbox 1139 933 1334 1000; x_wconf 88' lang='lat' dir='ltr'>reddendum</span> 
     </span>
     <span class='ocr_line' id='line_1_5' title="bbox 351 1051 1333 1136; baseline 0.001 -22"><span class='ocrx_word' id='word_1_28' title='bbox 351 1051 421 1115; x_wconf 85' lang='lat' dir='ltr'>crit.</span> <span class='ocrx_word' id='word_1_29' title='bbox 468 1054 592 1115; x_wconf 83' lang='lat' dir='ltr'><strong><em>Vallum</em></strong></span> <span class='ocrx_word' id='word_1_30' title='bbox 627 1056 741 1115; x_wconf 85' lang='lat' dir='ltr'>ducere</span> <span class='ocrx_word' id='word_1_31' title='bbox 780 1051 867 1115; x_wconf 86' lang='lat' dir='ltr'>enim</span> <span class='ocrx_word' id='word_1_32' title='bbox 891 1053 923 1114; x_wconf 88' lang='lat' dir='ltr'>et</span> <span class='ocrx_word' id='word_1_33' title='bbox 946 1051 1014 1133; x_wconf 87' lang='lat' dir='ltr'>ipse</span> <span class='ocrx_word' id='word_1_34' title='bbox 1038 1052 1165 1135; x_wconf 77' lang='lat' dir='ltr'><strong>scripsit</strong></span> <span class='ocrx_word' id='word_1_35' title='bbox 1188 1051 1247 1136; x_wconf 87' lang='grc' dir='ltr'>ΕΡ.</span> <span class='ocrx_word' id='word_1_36' title='bbox 1273 1053 1333 1130; x_wconf 86' lang='grc'>51,</span> 
     </span>
     <span class='ocr_line' id='line_1_6' title="bbox 353 1162 1168 1246; baseline -0.002 -16"><span class='ocrx_word' id='word_1_37' title='bbox 353 1169 393 1231; x_wconf 87' lang='grc'>12</span> <span class='ocrx_word' id='word_1_38' title='bbox 418 1169 450 1229; x_wconf 89' lang='lat' dir='ltr'>et</span> <span class='ocrx_word' id='word_1_39' title='bbox 473 1163 583 1230; x_wconf 83' lang='lat' dir='ltr'>Livius</span> <span class='ocrx_word' id='word_1_40' title='bbox 607 1162 688 1243; x_wconf 91' lang='lat' dir='ltr'>VH,</span> <span class='ocrx_word' id='word_1_41' title='bbox 715 1169 774 1244; x_wconf 87' lang='lat'>23,</span> <span class='ocrx_word' id='word_1_42' title='bbox 798 1164 942 1246; x_wconf 81' lang='lat' dir='ltr'>Tibullus</span> <span class='ocrx_word' id='word_1_43' title='bbox 966 1163 1031 1244; x_wconf 87' lang='lat' dir='ltr'>IV,</span> <span class='ocrx_word' id='word_1_44' title='bbox 1056 1168 1093 1242; x_wconf 88' lang='lat'>1,</span> <span class='ocrx_word' id='word_1_45' title='bbox 1118 1165 1168 1229; x_wconf 82' lang='lat'>85.</span> 
     </span>
    </p>

    <p class='ocr_par' dir='ltr' id='par_1_3' title="bbox 274 1283 1332 2528">
     <span class='ocr_line' id='line_1_7' title="bbox 393 1283 1332 1374; baseline -0.002 -26"><span class='ocrx_word' id='word_1_46' title='bbox 393 1283 453 1366; x_wconf 92' lang='grc' dir='ltr'>ΕΡ.</span> <span class='ocrx_word' id='word_1_47' title='bbox 491 1287 551 1361; x_wconf 90' lang='grc'>24,</span> <span class='ocrx_word' id='word_1_48' title='bbox 588 1285 647 1346; x_wconf 82' lang='lat'>21:</span> <span class='ocrx_word' id='word_1_49' title='bbox 693 1286 795 1374; x_wconf 36' lang='lat' dir='ltr'>Haec!</span> <span class='ocrx_word' id='word_1_50' title='bbox 812 1303 885 1349; x_wconf 85' lang='lat' dir='ltr'>cam</span> <span class='ocrx_word' id='word_1_51' title='bbox 919 1287 1135 1364; x_wconf 77' lang='lat' dir='ltr'>descripsisses</span> <span class='ocrx_word' id='word_1_52' title='bbox 1171 1305 1229 1364; x_wconf 83' lang='lat' dir='ltr'>qao</span> <span class='ocrx_word' id='word_1_53' title='bbox 1256 1286 1332 1346; x_wconf 85' lang='lat' dir='ltr'>soles</span> 
     </span>
     <span class='ocr_line' id='line_1_8' title="bbox 351 1403 1332 1481; baseline -0.004 -17"><span class='ocrx_word' id='word_1_54' title='bbox 351 1423 417 1478; x_wconf 81' lang='lat' dir='ltr'>ore,</span> <span class='ocrx_word' id='word_1_55' title='bbox 441 1421 565 1481; x_wconf 77' lang='lat' dir='ltr'>semper</span> <span class='ocrx_word' id='word_1_56' title='bbox 587 1403 713 1480; x_wconf 79' lang='lat' dir='ltr'>quidem</span> <span class='ocrx_word' id='word_1_57' title='bbox 729 1421 884 1481; x_wconf 72' lang='lat' dir='ltr'>mappas,</span> <span class='ocrx_word' id='word_1_58' title='bbox 908 1421 1087 1481; x_wconf 81' lang='lat' dir='ltr'>numquam</span> <span class='ocrx_word' id='word_1_59' title='bbox 1102 1408 1212 1462; x_wconf 84' lang='lat' dir='ltr'>tamea</span> <span class='ocrx_word' id='word_1_60' title='bbox 1228 1403 1332 1462; x_wconf 84' lang='lat' dir='ltr'>acrior</span> 
     </span>
     <span class='ocr_line' id='line_1_9' title="bbox 350 1513 1332 1599; baseline -0.002 -19"><span class='ocrx_word' id='word_1_61' title='bbox 350 1539 445 1599; x_wconf 83' lang='lat' dir='ltr'>qaam</span> <span class='ocrx_word' id='word_1_62' title='bbox 479 1519 533 1579; x_wconf 87' lang='lat' dir='ltr'>abi</span> <span class='ocrx_word' id='word_1_63' title='bbox 566 1521 697 1579; x_wconf 81' lang='lat' dir='ltr'>ueritati</span> <span class='ocrx_word' id='word_1_64' title='bbox 727 1521 906 1580; x_wconf 75' lang='lat' dir='ltr'>caminadas</span> <span class='ocrx_word' id='word_1_65' title='bbox 929 1518 1022 1580; x_wconf 79' lang='lat' dir='ltr'>verba</span> <span class='ocrx_word' id='word_1_66' title='bbox 1045 1524 1113 1580; x_wconf 87' lang='lat' dir='ltr'>cett.</span> <span class='ocrx_word' id='word_1_67' title='bbox 1140 1553 1181 1562; x_wconf 97' lang='lat'>-</span> <span class='ocrx_word' id='word_1_68' title='bbox 1206 1513 1240 1578; x_wconf 78' lang='lat' dir='ltr'>Si</span> <span class='ocrx_word' id='word_1_69' title='bbox 1262 1535 1332 1579; x_wconf 86' lang='lat' dir='ltr'>vcr-</span> 
     </span>
     <span class='ocr_line' id='line_1_10' title="bbox 349 1632 1332 1716; baseline -0.004 -18"><span class='ocrx_word' id='word_1_70' title='bbox 349 1634 460 1699; x_wconf 90' lang='lat' dir='ltr'>borum</span> <span class='ocrx_word' id='word_1_71' title='bbox 495 1635 679 1698; x_wconf 88' lang='lat' dir='ltr'>contextum</span> <span class='ocrx_word' id='word_1_72' title='bbox 713 1633 807 1716; x_wconf 87' lang='lat' dir='ltr'>paulo</span> <span class='ocrx_word' id='word_1_73' title='bbox 830 1633 1007 1698; x_wconf 76' lang='lat' dir='ltr'>accuratius</span> <span class='ocrx_word' id='word_1_74' title='bbox 1031 1632 1195 1716; x_wconf 86' lang='lat' dir='ltr'>respicias,</span> <span class='ocrx_word' id='word_1_75' title='bbox 1228 1637 1332 1696; x_wconf 85' lang='lat' dir='ltr'>acrior</span> 
     </span>
     <span class='ocr_line' id='line_1_11' title="bbox 350 1747 1272 1845; baseline -0.005 -29"><span class='ocrx_word' id='word_1_76' title='bbox 350 1774 388 1816; x_wconf 87' lang='lat' dir='ltr'>cx</span> <span class='ocrx_word' id='word_1_77' title='bbox 412 1754 516 1815; x_wconf 80' lang='lat' dir='ltr'>maior</span> <span class='ocrx_word' id='word_1_78' title='bbox 540 1750 746 1833; x_wconf 87' lang='lat' dir='ltr'>depravatum</span> <span class='ocrx_word' id='word_1_79' title='bbox 769 1771 836 1813; x_wconf 89' lang='lat' dir='ltr'>esse</span> <span class='ocrx_word' id='word_1_80' title='bbox 861 1749 953 1814; x_wconf 88' lang='lat' dir='ltr'>facile</span> <span class='ocrx_word' id='word_1_81' title='bbox 977 1748 1038 1813; x_wconf 91' lang='lat' dir='ltr'>tibi</span> <span class='ocrx_word' id='word_1_82' title='bbox 1061 1747 1272 1845; x_wconf 77' lang='lat' dir='ltr'>persuadebis.</span> 
     </span>
     <span class='ocr_line' id='line_1_12' title="bbox 371 1865 1332 1952; baseline -0.006 -18"><span class='ocrx_word' id='word_1_83' title='bbox 371 1868 453 1951; x_wconf 87' lang='grc' dir='ltr'>ΕΡ.</span> <span class='ocrx_word' id='word_1_84' title='bbox 492 1869 552 1944; x_wconf 89' lang='grc'>29,</span> <span class='ocrx_word' id='word_1_85' title='bbox 589 1868 624 1930; x_wconf 89' lang='lat'>5:</span> <span class='ocrx_word' id='word_1_86' title='bbox 661 1887 780 1948; x_wconf 77' lang='lat' dir='ltr'>mapsa</span> <span class='ocrx_word' id='word_1_87' title='bbox 811 1873 846 1930; x_wconf 86' lang='lat' dir='ltr'>ia</span> <span class='ocrx_word' id='word_1_88' title='bbox 880 1865 1095 1952; x_wconf 82' lang='lat' dir='ltr'>[Marcellino]</span> <span class='ocrx_word' id='word_1_89' title='bbox 1130 1872 1252 1948; x_wconf 82' lang='lat' dir='ltr'>iapeaii</span> <span class='ocrx_word' id='word_1_90' title='bbox 1285 1871 1332 1928; x_wconf 86' lang='lat' dir='ltr'>ais</span> 
     </span>
     <span class='ocr_line' id='line_1_13' title="bbox 350 1985 1329 2062; baseline -0.003 -16"><span class='ocrx_word' id='word_1_91' title='bbox 350 1993 412 2060; x_wconf 87' lang='lat' dir='ltr'>est,</span> <span class='ocrx_word' id='word_1_92' title='bbox 437 1987 489 2045; x_wconf 87' lang='lat' dir='ltr'>sed</span> <span class='ocrx_word' id='word_1_93' title='bbox 513 1986 581 2044; x_wconf 82' lang='lat' dir='ltr'>iam</span> <span class='ocrx_word' id='word_1_94' title='bbox 605 1985 764 2044; x_wconf 73' lang='lat' dir='ltr'>tenderetis</span> <span class='ocrx_word' id='word_1_95' title='bbox 788 1987 823 2044; x_wconf 86' lang='lat' dir='ltr'>ia</span> <span class='ocrx_word' id='word_1_96' title='bbox 843 2003 993 2062; x_wconf 76' lang='lat' dir='ltr'>peccaui.</span> <span class='ocrx_word' id='word_1_97' title='bbox 1019 1985 1230 2044; x_wconf 75' lang='lat' dir='ltr'>nibilominus</span> <span class='ocrx_word' id='word_1_98' title='bbox 1233 2028 1329 2044; x_wconf 89' lang='grc'><strong>.....</strong></span> 
     </span>
     <span class='ocr_line' id='line_1_14' title="bbox 274 2099 1330 2179; baseline -0.003 -18"><span class='ocrx_word' id='word_1_99' title='bbox 274 2125 277 2130; x_wconf 72' lang='grc'><strong>’</strong></span> <span class='ocrx_word' id='word_1_100' title='bbox 350 2100 469 2161; x_wconf 82' lang='lat' dir='ltr'>audebo</span> <span class='ocrx_word' id='word_1_101' title='bbox 500 2099 548 2159; x_wconf 87' lang='lat' dir='ltr'>iili</span> <span class='ocrx_word' id='word_1_102' title='bbox 580 2100 668 2159; x_wconf 84' lang='lat' dir='ltr'>mala</span> <span class='ocrx_word' id='word_1_103' title='bbox 699 2119 758 2159; x_wconf 86' lang='lat' dir='ltr'>saa</span> <span class='ocrx_word' id='word_1_104' title='bbox 781 2101 952 2160; x_wconf 77' lang='lat' dir='ltr'>ostendere.</span> <span class='ocrx_word' id='word_1_105' title='bbox 1002 2100 1109 2160; x_wconf 83' lang='lat' dir='ltr'>Faciet</span> <span class='ocrx_word' id='word_1_106' title='bbox 1127 2100 1214 2179; x_wconf 78' lang='lat' dir='ltr'>&#39;qaod</span> <span class='ocrx_word' id='word_1_107' title='bbox 1238 2100 1330 2160; x_wconf 82' lang='lat' dir='ltr'>solet:</span> 
     </span>
     <span class='ocr_line' id='line_1_15' title="bbox 350 2215 1332 2297; baseline -0.001 -19"><span class='ocrx_word' id='word_1_108' title='bbox 350 2217 514 2278; x_wconf 84' lang='lat' dir='ltr'>advocabit</span> <span class='ocrx_word' id='word_1_109' title='bbox 536 2215 607 2276; x_wconf 87' lang='lat' dir='ltr'>ilias</span> <span class='ocrx_word' id='word_1_110' title='bbox 631 2219 781 2295; x_wconf 76' lang='lat' dir='ltr'>facetias,</span> <span class='ocrx_word' id='word_1_111' title='bbox 818 2236 897 2295; x_wconf 81' lang='lat' dir='ltr'>qaae</span> <span class='ocrx_word' id='word_1_112' title='bbox 919 2220 1024 2278; x_wconf 83' lang='lat' dir='ltr'>risam</span> <span class='ocrx_word' id='word_1_113' title='bbox 1047 2237 1174 2279; x_wconf 83' lang='lat' dir='ltr'>evocare</span> <span class='ocrx_word' id='word_1_114' title='bbox 1196 2219 1332 2297; x_wconf 85' lang='lat' dir='ltr'>tapeati-</span> 
     </span>
     <span class='ocr_line' id='line_1_16' title="bbox 350 2333 1332 2412; baseline 0.001 -19"><span class='ocrx_word' id='word_1_115' title='bbox 350 2333 406 2393; x_wconf 86' lang='lat' dir='ltr'>bas</span> <span class='ocrx_word' id='word_1_116' title='bbox 426 2339 577 2412; x_wconf 76' lang='lat' dir='ltr'>passast,</span> <span class='ocrx_word' id='word_1_117' title='bbox 613 2336 700 2393; x_wconf 86' lang='lat' dir='ltr'>etia</span> <span class='ocrx_word' id='word_1_118' title='bbox 724 2335 940 2412; x_wconf 73' lang='lat' dir='ltr'>septimam,</span> <span class='ocrx_word' id='word_1_119' title='bbox 976 2335 1090 2396; x_wconf 78' lang='lat' dir='ltr'>deinde</span> <span class='ocrx_word' id='word_1_120' title='bbox 1113 2337 1149 2396; x_wconf 85' lang='lat' dir='ltr'>ia</span> <span class='ocrx_word' id='word_1_121' title='bbox 1172 2354 1228 2395; x_wconf 87' lang='lat' dir='ltr'>aas</span> <span class='ocrx_word' id='word_1_122' title='bbox 1252 2338 1332 2396; x_wconf 89' lang='lat' dir='ltr'>ioca·</span> 
     </span>
     <span class='ocr_line' id='line_1_17' title="bbox 349 2445 1332 2528; baseline 0.003 -19"><span class='ocrx_word' id='word_1_123' title='bbox 349 2450 444 2510; x_wconf 80' lang='lat' dir='ltr'>bitae.</span> <span class='ocrx_word' id='word_1_124' title='bbox 477 2485 519 2496; x_wconf 92' lang='lat'>-—</span> <span class='ocrx_word' id='word_1_125' title='bbox 550 2445 612 2510; x_wconf 93' lang='lat' dir='ltr'>Pro</span> <span class='ocrx_word' id='word_1_126' title='bbox 646 2450 824 2528; x_wconf 78' lang='lat' dir='ltr'>tapeatibas</span> <span class='ocrx_word' id='word_1_127' title='bbox 859 2449 1040 2512; x_wconf 79' lang='lat' dir='ltr'>iacientibus</span> <span class='ocrx_word' id='word_1_128' title='bbox 1076 2449 1332 2513; x_wconf 83' lang='lat' dir='ltr'>substituendum</span> 
     </span>
    </p>
   </div>
   <div class='ocr_carea' id='block_1_3' title="bbox 229 2563 1331 2650">
    <p class='ocr_par' dir='ltr' id='par_1_4' title="bbox 229 2563 1331 2650">
     <span class='ocr_line' id='line_1_18' title="bbox 229 2563 1331 2650; baseline -0.002 -19"><span class='ocrx_word' id='word_1_129' title='bbox 229 2635 232 2642; x_wconf 61' lang='grc'>,</span> <span class='ocrx_word' id='word_1_130' title='bbox 350 2566 480 2631; x_wconf 89' lang='lat' dir='ltr'>conicio.</span> <span class='ocrx_word' id='word_1_131' title='bbox 527 2563 694 2650; x_wconf 78' lang='lat' dir='ltr'>Significat</span> <span class='ocrx_word' id='word_1_132' title='bbox 727 2563 817 2629; x_wconf 86' lang='lat' dir='ltr'>credo</span> <span class='ocrx_word' id='word_1_133' title='bbox 853 2563 990 2642; x_wconf 80' lang='lat' dir='ltr'>Seneca,</span> <span class='ocrx_word' id='word_1_134' title='bbox 1023 2565 1089 2630; x_wconf 84' lang='lat' dir='ltr'>tare</span> <span class='ocrx_word' id='word_1_135' title='bbox 1112 2570 1149 2629; x_wconf 92' lang='lat' dir='ltr'>ut</span> <span class='ocrx_word' id='word_1_136' title='bbox 1172 2565 1331 2631; x_wconf 86' lang='lat' dir='ltr'>Marcelli-</span> 
     </span>
    </p>
   </div>
   <div class='ocr_carea' id='block_1_4' title="bbox 348 2681 1331 3693">
    <p class='ocr_par' dir='ltr' id='par_1_5' title="bbox 348 2681 1331 3343">
     <span class='ocr_line' id='line_1_19' title="bbox 349 2681 1330 2767; baseline -0.002 -19"><span class='ocrx_word' id='word_1_137' title='bbox 349 2707 425 2761; x_wconf 90' lang='lat' dir='ltr'>nus,</span> <span class='ocrx_word' id='word_1_138' title='bbox 463 2683 552 2747; x_wconf 86' lang='lat' dir='ltr'>cuius</span> <span class='ocrx_word' id='word_1_139' title='bbox 594 2704 696 2746; x_wconf 85' lang='lat' dir='ltr'>moras</span> <span class='ocrx_word' id='word_1_140' title='bbox 740 2683 897 2767; x_wconf 77' lang='lat' dir='ltr'>corrigere</span> <span class='ocrx_word' id='word_1_141' title='bbox 924 2681 966 2764; x_wconf 51' lang='lat' dir='ltr'>¹in</span> <span class='ocrx_word' id='word_1_142' title='bbox 1002 2682 1107 2746; x_wconf 88' lang='lat' dir='ltr'>animo</span> <span class='ocrx_word' id='word_1_143' title='bbox 1141 2683 1253 2760; x_wconf 88' lang='lat' dir='ltr'>habet,</span> <span class='ocrx_word' id='word_1_144' title='bbox 1291 2682 1330 2746; x_wconf 88' lang='lat' dir='ltr'>ad</span> 
     </span>
     <span class='ocr_line' id='line_1_20' title="bbox 348 2799 1330 2883; baseline -0.005 -18"><span class='ocrx_word' id='word_1_145' title='bbox 348 2801 477 2866; x_wconf 83' lang='lat' dir='ltr'>facetias</span> <span class='ocrx_word' id='word_1_146' title='bbox 519 2804 678 2877; x_wconf 86' lang='lat' dir='ltr'>recurrat,</span> <span class='ocrx_word' id='word_1_147' title='bbox 722 2821 801 2883; x_wconf 88' lang='lat' dir='ltr'>quae</span> <span class='ocrx_word' id='word_1_148' title='bbox 843 2799 1026 2864; x_wconf 88' lang='lat' dir='ltr'>ludentibus</span> <span class='ocrx_word' id='word_1_149' title='bbox 1065 2799 1192 2883; x_wconf 88' lang='lat' dir='ltr'>quidam</span> <span class='ocrx_word' id='word_1_150' title='bbox 1230 2799 1330 2861; x_wconf 88' lang='lat' dir='ltr'>risum</span> 
     </span>
     <span class='ocr_line' id='line_1_21' title="bbox 349 2914 1331 2999; baseline -0.004 -20"><span class='ocrx_word' id='word_1_151' title='bbox 349 2918 549 2998; x_wconf 85' lang='lat' dir='ltr'>evocaturac,</span> <span class='ocrx_word' id='word_1_152' title='bbox 585 2937 618 2978; x_wconf 87' lang='lat' dir='ltr'>sc</span> <span class='ocrx_word' id='word_1_153' title='bbox 652 2935 725 2978; x_wconf 88' lang='lat' dir='ltr'>vero</span> <span class='ocrx_word' id='word_1_154' title='bbox 760 2914 901 2999; x_wconf 74' lang='lat' dir='ltr'>graviter</span> <span class='ocrx_word' id='word_1_155' title='bbox 936 2917 968 2977; x_wconf 83' lang='lat' dir='ltr'>et</span> <span class='ocrx_word' id='word_1_156' title='bbox 991 2914 1072 2978; x_wconf 87' lang='lat' dir='ltr'>serio</span> <span class='ocrx_word' id='word_1_157' title='bbox 1096 2916 1244 2999; x_wconf 86' lang='lat' dir='ltr'>agentem</span> <span class='ocrx_word' id='word_1_158' title='bbox 1265 2933 1331 2976; x_wconf 91' lang='lat' dir='ltr'>non</span> 
     </span>
     <span class='ocr_line' id='line_1_22' title="bbox 349 3025 1330 3114; baseline -0.004 -19"><span class='ocrx_word' id='word_1_159' title='bbox 349 3052 383 3095; x_wconf 88' lang='lat' dir='ltr'>eo</span> <span class='ocrx_word' id='word_1_160' title='bbox 410 3028 624 3114; x_wconf 82' lang='lat' dir='ltr'>perducturas</span> <span class='ocrx_word' id='word_1_161' title='bbox 660 3031 743 3105; x_wconf 89' lang='lat' dir='ltr'>sint,</span> <span class='ocrx_word' id='word_1_162' title='bbox 777 3033 811 3092; x_wconf 89' lang='lat' dir='ltr'>at</span> <span class='ocrx_word' id='word_1_163' title='bbox 846 3052 863 3092; x_wconf 89' lang='lat' dir='ltr'>a</span> <span class='ocrx_word' id='word_1_164' title='bbox 898 3030 1058 3113; x_wconf 87' lang='lat' dir='ltr'>proposito</span> <span class='ocrx_word' id='word_1_165' title='bbox 1093 3029 1239 3095; x_wconf 89' lang='lat' dir='ltr'>declinet.</span> <span class='ocrx_word' id='word_1_166' title='bbox 1296 3025 1330 3092; x_wconf 79' lang='lat' dir='ltr'>Si</span> 
     </span>
     <span class='ocr_line' id='line_1_23' title="bbox 349 3143 1328 3228; baseline -0.002 -20"><span class='ocrx_word' id='word_1_167' title='bbox 349 3150 526 3228; x_wconf 78' lang='lat' dir='ltr'>lapeatitas</span> <span class='ocrx_word' id='word_1_168' title='bbox 562 3167 674 3209; x_wconf 86' lang='lat' dir='ltr'>sanum</span> <span class='ocrx_word' id='word_1_169' title='bbox 708 3143 895 3210; x_wconf 86' lang='lat' dir='ltr'>vocabulum</span> <span class='ocrx_word' id='word_1_170' title='bbox 930 3149 1029 3222; x_wconf 88' lang='lat' dir='ltr'>esset,</span> <span class='ocrx_word' id='word_1_171' title='bbox 1065 3145 1194 3211; x_wconf 90' lang='lat' dir='ltr'>omnino</span> <span class='ocrx_word' id='word_1_172' title='bbox 1228 3149 1274 3207; x_wconf 86' lang='lat' dir='ltr'>vel</span> <span class='ocrx_word' id='word_1_173' title='bbox 1305 3167 1328 3207; x_wconf 90' lang='lat' dir='ltr'>s.</span> 
     </span>
     <span class='ocr_line' id='line_1_24' title="bbox 349 3259 818 3343; baseline -0.006 -18"><span class='ocrx_word' id='word_1_174' title='bbox 349 3267 446 3326; x_wconf 84' lang='lat' dir='ltr'>etiam</span> <span class='ocrx_word' id='word_1_175' title='bbox 469 3259 653 3343; x_wconf 86' lang='lat' dir='ltr'>praecedere</span> <span class='ocrx_word' id='word_1_176' title='bbox 677 3259 818 3324; x_wconf 81' lang='lat' dir='ltr'>debebat.</span> 
     </span>
    </p>

    <p class='ocr_par' dir='ltr' id='par_1_6' title="bbox 348 3378 1330 3693">
     <span class='ocr_line' id='line_1_25' title="bbox 392 3378 1330 3461; baseline -0.003 -19"><span class='ocrx_word' id='word_1_177' title='bbox 392 3379 451 3461; x_wconf 86' lang='grc' dir='ltr'>ΕΡ.</span> <span class='ocrx_word' id='word_1_178' title='bbox 493 3378 551 3454; x_wconf 87' lang='lat'>30,</span> <span class='ocrx_word' id='word_1_179' title='bbox 593 3379 655 3440; x_wconf 83' lang='lat'>14:</span> <span class='ocrx_word' id='word_1_180' title='bbox 712 3379 817 3458; x_wconf 76' lang='lat' dir='ltr'>Ipais,</span> <span class='ocrx_word' id='word_1_181' title='bbox 863 3381 916 3456; x_wconf 83' lang='lat' dir='ltr'>qai</span> <span class='ocrx_word' id='word_1_182' title='bbox 962 3379 1120 3439; x_wconf 84' lang='lat' dir='ltr'>calcatam</span> <span class='ocrx_word' id='word_1_183' title='bbox 1157 3381 1330 3439; x_wconf 81' lang='lat' dir='ltr'>materiam</span> 
     </span>
     <span class='ocr_line' id='line_1_26' title="bbox 348 3495 1328 3576; baseline -0.002 -18"><span class='ocrx_word' id='word_1_184' title='bbox 348 3499 527 3576; x_wconf 83' lang='lat' dir='ltr'>occupauit,</span> <span class='ocrx_word' id='word_1_185' title='bbox 551 3513 634 3574; x_wconf 83' lang='lat' dir='ltr'>aqua</span> <span class='ocrx_word' id='word_1_186' title='bbox 658 3502 687 3555; x_wconf 88' lang='lat' dir='ltr'>et</span> <span class='ocrx_word' id='word_1_187' title='bbox 712 3495 877 3555; x_wconf 80' lang='lat' dir='ltr'>interdum</span> <span class='ocrx_word' id='word_1_188' title='bbox 891 3498 989 3556; x_wconf 75' lang='lat' dir='ltr'>retica</span> <span class='ocrx_word' id='word_1_189' title='bbox 1002 3497 1252 3575; x_wconf 75' lang='lat' dir='ltr'>castisqueadas</span> <span class='ocrx_word' id='word_1_190' title='bbox 1264 3502 1328 3556; x_wconf 88' lang='lat' dir='ltr'>est:</span> 
     </span>
     <span class='ocr_line' id='line_1_27' title="bbox 348 3612 1330 3693; baseline -0.003 -19"><span class='ocrx_word' id='word_1_191' title='bbox 348 3613 414 3689; x_wconf 85' lang='lat' dir='ltr'>itte,</span> <span class='ocrx_word' id='word_1_192' title='bbox 450 3616 504 3693; x_wconf 83' lang='lat' dir='ltr'>qai</span> <span class='ocrx_word' id='word_1_193' title='bbox 527 3613 691 3673; x_wconf 78' lang='lat' dir='ltr'>alimentis</span> <span class='ocrx_word' id='word_1_194' title='bbox 714 3613 877 3691; x_wconf 77' lang='lat' dir='ltr'>deficitur,</span> <span class='ocrx_word' id='word_1_195' title='bbox 902 3631 961 3672; x_wconf 85' lang='lat' dir='ltr'>saa</span> <span class='ocrx_word' id='word_1_196' title='bbox 984 3618 1093 3691; x_wconf 81' lang='lat' dir='ltr'>sponte</span> <span class='ocrx_word' id='word_1_197' title='bbox 1121 3612 1262 3672; x_wconf 81' lang='lat' dir='ltr'>subsidit.</span> <span class='ocrx_word' id='word_1_198' title='bbox 1288 3645 1330 3656; x_wconf 91' lang='lat'>--</span> 
     </span>
    </p>
   </div>
   <div class='ocr_carea' id='block_1_5' title="bbox 347 3707 1330 3809">
    <p class='ocr_par' dir='ltr' id='par_1_7' title="bbox 347 3707 1330 3809">
     <span class='ocr_line' id='line_1_28' title="bbox 347 3707 1330 3809; baseline -0.003 -18"><span class='ocrx_word' id='word_1_199' title='bbox 347 3707 422 3791; x_wconf 57' lang='lat' dir='ltr'>Mn</span> <span class='ocrx_word' id='word_1_200' title='bbox 444 3729 602 3789; x_wconf 78' lang='lat' dir='ltr'>valentem</span> <span class='ocrx_word' id='word_1_201' title='bbox 627 3724 680 3788; x_wconf 88' lang='lat' dir='ltr'>sed</span> <span class='ocrx_word' id='word_1_202' title='bbox 703 3729 842 3788; x_wconf 81' lang='lat' dir='ltr'>eleatem</span> <span class='ocrx_word' id='word_1_203' title='bbox 866 3725 1044 3809; x_wconf 87' lang='lat' dir='ltr'>antiquitus</span> <span class='ocrx_word' id='word_1_204' title='bbox 1060 3724 1214 3808; x_wconf 89' lang='lat' dir='ltr'>scriptum</span> <span class='ocrx_word' id='word_1_205' title='bbox 1233 3725 1330 3788; x_wconf 85' lang='lat' dir='ltr'>fuisse</span> 
     </span>
    </p>
   </div>
   <div class='ocr_carea' id='block_1_6' title="bbox 236 3841 741 3910">
    <p class='ocr_par' dir='ltr' id='par_1_8' title="bbox 236 3841 741 3910">
     <span class='ocr_line' id='line_1_29' title="bbox 236 3841 741 3910; baseline -0.008 0"><span class='ocrx_word' id='word_1_206' title='bbox 236 3903 238 3910; x_wconf 81' lang='grc'>,</span> <span class='ocrx_word' id='word_1_207' title='bbox 348 3844 444 3909; x_wconf 89' lang='lat' dir='ltr'>verbo</span> <span class='ocrx_word' id='word_1_208' title='bbox 466 3864 592 3907; x_wconf 88' lang='lat' dir='ltr'>monere</span> <span class='ocrx_word' id='word_1_209' title='bbox 616 3841 741 3907; x_wconf 86' lang='lat' dir='ltr'>sufficit.</span> 
     </span>
    </p>
   </div>
   <div class='ocr_carea' id='block_1_7' title="bbox 348 3961 1330 4387">
    <p class='ocr_par' dir='ltr' id='par_1_9' title="bbox 348 3961 1330 4387">
     <span class='ocr_line' id='line_1_30' title="bbox 392 3961 1330 4044; baseline -0.002 -18"><span class='ocrx_word' id='word_1_210' title='bbox 392 3961 451 4044; x_wconf 88' lang='grc' dir='ltr'>ΕΡ.</span> <span class='ocrx_word' id='word_1_211' title='bbox 488 3963 547 4037; x_wconf 82' lang='grc'>48,</span> <span class='ocrx_word' id='word_1_212' title='bbox 585 3961 620 4025; x_wconf 88' lang='lat'>7:</span> <span class='ocrx_word' id='word_1_213' title='bbox 657 3963 760 4023; x_wconf 82' lang='lat' dir='ltr'>aliam</span> <span class='ocrx_word' id='word_1_214' title='bbox 794 3983 879 4023; x_wconf 82' lang='lat' dir='ltr'>mors</span> <span class='ocrx_word' id='word_1_215' title='bbox 911 3969 1015 4036; x_wconf 84' lang='lat' dir='ltr'>accat,</span> <span class='ocrx_word' id='word_1_216' title='bbox 1056 3963 1158 4022; x_wconf 83' lang='lat' dir='ltr'>aliam</span> <span class='ocrx_word' id='word_1_217' title='bbox 1189 3983 1330 4043; x_wconf 83' lang='lat' dir='ltr'>pauper·</span> 
     </span>
     <span class='ocr_line' id='line_1_31' title="bbox 349 4075 1329 4156; baseline -0.002 -17"><span class='ocrx_word' id='word_1_218' title='bbox 349 4087 398 4140; x_wconf 85' lang='lat' dir='ltr'>tas</span> <span class='ocrx_word' id='word_1_219' title='bbox 432 4081 516 4152; x_wconf 84' lang='lat' dir='ltr'>urit,</span> <span class='ocrx_word' id='word_1_220' title='bbox 555 4077 658 4139; x_wconf 81' lang='lat' dir='ltr'>aliam</span> <span class='ocrx_word' id='word_1_221' title='bbox 693 4076 828 4138; x_wconf 85' lang='lat' dir='ltr'>divitiae</span> <span class='ocrx_word' id='word_1_222' title='bbox 862 4077 908 4137; x_wconf 86' lang='lat' dir='ltr'>vel</span> <span class='ocrx_word' id='word_1_223' title='bbox 944 4075 1069 4138; x_wconf 78' lang='lat' dir='ltr'>alienae</span> <span class='ocrx_word' id='word_1_224' title='bbox 1103 4083 1248 4156; x_wconf 74' lang='lat' dir='ltr'>torqueat</span> <span class='ocrx_word' id='word_1_225' title='bbox 1282 4078 1329 4138; x_wconf 85' lang='lat' dir='ltr'>aet</span> 
     </span>
     <span class='ocr_line' id='line_1_32' title="bbox 348 4184 1328 4271; baseline -0.003 -18"><span class='ocrx_word' id='word_1_226' title='bbox 348 4212 434 4253; x_wconf 83' lang='lat' dir='ltr'>suae.</span> <span class='ocrx_word' id='word_1_227' title='bbox 473 4225 512 4237; x_wconf 95' lang='grc'><strong>-</strong></span> <span class='ocrx_word' id='word_1_228' title='bbox 547 4186 621 4252; x_wconf 88' lang='lat' dir='ltr'>Nisi</span> <span class='ocrx_word' id='word_1_229' title='bbox 655 4187 748 4251; x_wconf 81' lang='lat' dir='ltr'>tallor</span> <span class='ocrx_word' id='word_1_230' title='bbox 783 4185 888 4271; x_wconf 86' lang='lat' dir='ltr'>legere</span> <span class='ocrx_word' id='word_1_231' title='bbox 926 4187 956 4250; x_wconf 93' lang='lat' dir='ltr'>h.</span> <span class='ocrx_word' id='word_1_232' title='bbox 993 4184 1013 4250; x_wconf 89' lang='lat' dir='ltr'>l.</span> <span class='ocrx_word' id='word_1_233' title='bbox 1051 4190 1190 4270; x_wconf 87' lang='lat' dir='ltr'>praestat</span> <span class='ocrx_word' id='word_1_234' title='bbox 1224 4198 1328 4254; x_wconf 85' lang='lat' dir='ltr'>evocat</span> 
     </span>
     <span class='ocr_line' id='line_1_33' title="bbox 349 4302 1328 4387; baseline -0.001 -18"><span class='ocrx_word' id='word_1_235' title='bbox 349 4303 417 4369; x_wconf 89' lang='lat' dir='ltr'>coll.</span> <span class='ocrx_word' id='word_1_236' title='bbox 453 4303 512 4386; x_wconf 86' lang='grc' dir='ltr'>ΕΡ.</span> <span class='ocrx_word' id='word_1_237' title='bbox 551 4305 610 4381; x_wconf 88' lang='grc'>61,</span> <span class='ocrx_word' id='word_1_238' title='bbox 646 4307 682 4365; x_wconf 83' lang='grc'>2;</span> <span class='ocrx_word' id='word_1_239' title='bbox 714 4306 770 4368; x_wconf 85' lang='lat' dir='ltr'>boc</span> <span class='ocrx_word' id='word_1_240' title='bbox 805 4304 914 4366; x_wconf 79' lang='lat' dir='ltr'>aciaco</span> <span class='ocrx_word' id='word_1_241' title='bbox 950 4302 1006 4366; x_wconf 86' lang='lat' dir='ltr'>tibi</span> <span class='ocrx_word' id='word_1_242' title='bbox 1040 4307 1122 4368; x_wconf 78' lang='lat' dir='ltr'>bane</span> <span class='ocrx_word' id='word_1_243' title='bbox 1156 4307 1328 4387; x_wconf 77' lang='lat' dir='ltr'>epistularu</span> 
     </span>
    </p>
   </div>
   <div class='ocr_carea' id='block_1_8' title="bbox 0 0 1600 5114">
    <p class='ocr_par' dir='ltr' id='par_1_10' title="bbox 0 0 1600 5114">
     <span class='ocr_line' id='line_1_34' title="bbox 0 0 1600 5114; baseline 0 1"><span class='ocrx_word' id='word_1_244' title='bbox 0 0 1600 5114; x_wconf 95' lang='lat' dir='ltr'> </span> 
     </span>
    </p>
   </div>
  </div>
 </body>
</html>
