3190 5114
729 483 771 547 29

299 686 331 750 0.
374 690 432 752 24:
487 687 659 773 [Quartilla
694 685 813 751 Gitona
854 686 1013 770 vocatum]
1051 691 1094 749 ad
1131 707 1163 748 se
1196 690 1237 772 'in

255 806 396 867 osculum
430 808 595 887 adplicuit.
614 827 707 875 ,mon
742 827 879 869 manum
914 809 1012 868 etiam
1032 807 1176 866 demisit
1203 807 1238 865 in

254 925 363 985 sinum
386 929 416 984 et
435 929 633 1002 pertractato
656 923 782 984 vasculo
806 929 873 983 tam
896 920 1059 984 radicati.
1074 915 1238 994 —Scribe

203 1015 205 1019 Ι
254 1039 370 1099 talium
394 1038 470 1098 rudi
493 1034 561 1099 coll.
581 1056 660 1119 quae
674 1034 827 1120 leguntur
842 1055 905 1118 seq.
924 1053 1010 1117 cap.:
1027 1056 1083 1097 nec
1102 1035 1237 1110 Gitona,

253 1155 559 1216 verecundissimum
583 1174 740 1233 puerum,
770 1155 918 1234 sufficere
940 1155 1016 1215 huic
1036 1153 1238 1233 petulantiae
1293 1209 1299 1221 ,

253 1272 435 1350 adfirmavi.
511 1271 516 1280 ”

297 1381 330 1446 O.
367 1385 427 1448 30:
473 1388 563 1448 Duae
598 1387 725 1448 tabulae
759 1389 794 1446 in
830 1393 964 1470 utroque
996 1392 1085 1465 poste
1112 1387 1237 1465 definac

252 1499 387 1584 [erani],
422 1523 561 1587 quarum
581 1548 678 1564 .....
714 1503 817 1563 altero
849 1504 946 1563 lunae
978 1521 1108 1563 cursum
1132 1502 1236 1562 steila·

251 1639 389 1704 rumque
411 1626 530 1699 septem
545 1622 701 1699 imapines
713 1622 817 1699 pictas
830 1614 1001 1701 [habebat]
1016 1652 1059 1663 —
1071 1612 1145 1678 Non
1158 1614 1235 1677 satis

249 1731 424 1816 intellego,
459 1732 612 1816 quomodo
645 1733 748 1816 pictor
782 1736 879 1822 lunae
914 1753 1044 1795 cursum
1080 1727 1235 1794 coloribus

251 1846 380 1912 reddere
402 1848 550 1932 potuerit.
599 1845 717 1911 Veram
740 1846 910 1911 lectionem
933 1849 1030 1910 lunae
1052 1867 1153 1908 cornu
1168 1864 1235 1907 esse

251 1939 401 2049 suspicor.
454 1997 457 2004 ·

296 2081 328 2146 O.
366 2084 425 2146 31:
472 2085 534 2163 Epo
569 2087 710 2164 cooperiri
741 2085 827 2146 volui
850 2104 894 2144 an
918 2090 984 2144 tota
1006 2084 1138 2161 familia
1161 2102 1235 2144 can·
1346 2081 1348 2087 ’

252 2208 343 2262 taret.
379 2204 486 2284 itaque
517 2205 679 2285 potionem
709 2203 837 2280 poposci
844 2222 856 2277 ,·
890 2202 1120 2278 paratissimus
1152 2219 1235 2279 puer

251 2338 316 2378 non
359 2322 468 2379 minus
505 2338 555 2378 me
593 2320 683 2378 acido
720 2321 844 2378 cantico
881 2319 1011 2406 sucepit.
1051 2352 1094 2362 —
1132 2313 1236 2389 Quum

251 2432 436 2498 Petronium
470 2433 574 2497 verbis
608 2435 641 2497 ei
671 2433 864 2497 dictionibus
888 2433 927 2496 ab
951 2432 1091 2496 oratione
1116 2431 1236 2494 urbana

146 2573 149 2580 ⁴
251 2553 284 2615 ei
311 2551 408 2636 poliia
431 2551 543 2615 alienis
567 2551 765 2634 sermonique
777 2550 922 2635 populari
933 2549 1235 2633 propinquioribus,

251 2666 365 2750 (veluti
398 2670 585 2744 biscoctum,
619 2670 773 2743 caballus,
808 2676 933 2742 motus,
966 2669 1061 2730 bucca
1099 2667 1132 2728 et
1168 2685 1237 2728 sex-

252 2783 345 2844 centa
378 2779 454 2864 alia)
488 2782 671 2864 frequenter
707 2803 799 2844 usum
823 2801 889 2844 esse
913 2781 1053 2856 constet,
1088 2779 1237 2844 hocloco

253 2919 324 2961 eum
356 2898 518 2982 scripsisse
541 2904 720 2963 comminus
744 2900 817 2981 apte
842 2897 984 2962 conicere
1007 2896 1122 2980 possis,
1147 2896 1236 2959 cuius

253 3013 395 3078 vocabuli
429 3000 511 3079 teste
544 3013 652 3080 Servio
687 3016 739 3102 (ad
775 3014 872 3101 Verg.
909 3013 984 3078 (icc.
1024 3016 1059 3092 1,
1097 3013 1173 3098 104)
1202 3013 1237 3076 in

254 3129 357 3194 Gellia
380 3129 544 3214 Cisalpina
567 3154 642 3195 usus
666 3131 946 3217 frequentissimus
961 3129 1024 3193 fuit
1038 3150 1095 3214 pro
1108 3133 1237 3204 statim,

146 3228 150 3253 ⁷
252 3255 415 3329 continuo,
439 3253 514 3337 quia
537 3251 696 3314 sententia
718 3251 778 3315 hoc
801 3251 905 3334 ipsum
918 3248 1077 3333 postulare
1099 3247 1234 3312 videtur.

251 3366 367 3434 Nescio
389 3374 497 3433 tamen
520 3391 561 3433 an
585 3373 734 3432 continuo
758 3368 915 3452 corrigere
938 3367 1088 3450 praesiei.

296 3485 329 3550 O.
356 3489 415 3550 33:
444 3489 646 3568 pustantibus
670 3489 775 3548 adbuc
797 3487 885 3546 nobis
908 3487 1132 3565 repositorium
1156 3485 1259 3544 alia-,-

251 3613 322 3666 tum
356 3613 401 3667 cst
432 3625 504 3667 cum
528 3604 631 3677 corbe,
667 3607 703 3663 in
726 3622 786 3686 quo
810 3602 933 3681 pollina
956 3607 1027 3662 erat
1049 3601 1154 3680 lipnca
1174 3619 1234 3678 pa·

251 3722 387 3783 tentibus
421 3726 457 3782 in
492 3722 597 3782 orbem
628 3721 697 3781 alis.
725 3754 767 3764 -
790 3715 903 3780 Malim
941 3719 1088 3797 siiipinea
1112 3713 1181 3779 coll.
1207 3735 1232 3777 c.

251 3834 309 3898 69:
334 3839 494 3917 epidipnis
518 3836 736 3908 mucididate,
761 3835 851 3895 turdi
874 3833 1022 3912 siliginei.

295 3947 328 4011 Ο.
355 3952 411 4012 42;
443 3953 521 4012 abiit
544 3952 587 4012 ad
606 3952 726 4031 piures.
751 3951 866 4010 medici
889 3949 982 4010 ilium
1002 3948 1233 4027 perdiderunt,

250 4070 349 4128 immo
372 4072 474 4148 mucis
497 4070 603 4131 malus
625 4071 716 4148 fatus
727 4091 738 4148 ,·
763 4071 904 4130 medicus
928 4070 1014 4128 enim
1037 4066 1120 4127 nibil
1142 4066 1233 4127 aliud

250 4190 296 4244 est
318 4204 416 4268 quam
439 4188 545 4246 animi
567 4187 745 4248 consolatio.
771 4219 812 4233 -·
834 4183 914 4260 Quia
937 4180 1069 4248 absurde
1091 4181 1233 4246 medicus

250 4297 374 4363 dicatur
396 4305 502 4364 animi
524 4306 708 4382 consolatio,
732 4324 789 4387 pro
807 4304 952 4387 corrupto
969 4301 1056 4367 locus
1068 4299 1232 4366 habendus
