3190 5114
857 507 898 568 32

383 705 533 772 vocabulo
558 706 719 772 isiciorum
742 707 809 771 sive
832 707 1036 772 farciminum
1059 708 1239 774 venditores
1262 713 1363 797 signi-

382 823 525 887 ficantur.
580 821 666 908 Apte
699 824 775 888 haec
810 823 903 888 lectio
936 825 1089 909 quadrare
1123 827 1203 891 mihi
1233 827 1362 894 'ridetur

383 963 455 1006 cum
490 961 592 1026 reqq.:
627 942 712 1005 alius
739 964 817 1005 veru
840 945 920 1006 eatis
943 944 1150 1010 stridentibus
1169 950 1304 1029 plenum
1326 950 1362 1012 in

381 1062 483 1124 acidae
516 1060 585 1123 eius
619 1059 771 1136 intentat,
807 1061 892 1123 alius
914 1064 1009 1140 furca
1032 1065 1070 1125 de
1093 1066 1242 1128 carnario
1265 1074 1362 1146 rapta

382 1183 503 1238 statum
524 1173 714 1254 proeliantis
737 1175 903 1255 componit.

426 1288 459 1353 O.
488 1290 543 1353 98:
579 1291 619 1352 At
641 1311 707 1352 nan
730 1310 839 1352 ceraue
858 1290 1003 1371 publicus
1026 1299 1095 1354 tarn
1110 1295 1262 1375 lanpuide
1276 1295 1360 1376 apit,

381 1409 434 1469 ced
457 1414 587 1488 raptam
611 1407 748 1487 cauponi
771 1408 990 1470 harundinem
1010 1412 1115 1472 subter
1130 1413 1245 1474 lectum
1261 1412 1362 1474 mittit

378 1526 566 1608 omniaque.
582 1573 588 1589 .
604 1573 633 1588 ..
670 1535 843 1590 scrutatur.
871 1564 911 1574 —
936 1526 1124 1611 Corrupiam
1159 1548 1267 1592 vocem
1294 1550 1361 1593 esse

379 1646 515 1722 cauponi
538 1639 707 1704 manifesto
730 1639 821 1704 docet
844 1641 1036 1724 comparatio
1059 1641 1134 1719 loci,
1158 1643 1213 1727 qui
1236 1641 1270 1706 O.
1298 1645 1361 1706 134

378 1757 510 1842 legitur:
534 1760 754 1820 harundinem
778 1761 917 1820 abactio
941 1763 1054 1838 rapuit
1077 1763 1256 1839 iterumque
1279 1761 1360 1821 nihil

379 1875 618 1953 respondentem
656 1873 816 1935 mulcavit.
865 1867 948 1934 Satis
979 1871 1181 1954 perspicuum
1204 1874 1252 1935 eat
1275 1873 1360 1934 uiro-

378 2008 438 2072 que
472 1986 539 2050 loco
575 1984 612 2049 de
647 1984 756 2049 ecdem
791 2007 824 2049 re
847 1985 914 2071 agi,
942 1984 1144 2070 quamobrem
1167 1987 1202 2050 in
1224 1991 1361 2067 cauponi

378 2107 411 2169 et
444 2104 479 2169 in
515 2104 631 2167 abactio
665 2102 772 2166 eadem
807 2102 958 2167 vocabula
992 2103 1091 2167 latere
1125 2103 1263 2188 surpicio
1302 2106 1358 2166 est.

378 2220 412 2285 O.
444 2224 507 2286 134
541 2222 646 2284 eutem
680 2215 828 2283 codicum
854 2220 1028 2304 scripturae
1052 2221 1185 2285 variant.
1233 2219 1361 2285 Habent

378 2341 416 2401 ab
449 2339 546 2413 ostio,
577 2338 615 2399 ab
648 2337 767 2409 hostio,
790 2336 911 2413 hostio,
935 2337 1046 2414 hostii3
1072 2336 1193 2401 conicio
1216 2336 1292 2401 olim
1316 2336 1361 2401 ibi

379 2454 532 2538 scriptum
571 2452 667 2516 fuisse
690 2473 710 2515 a
737 2453 827 2533 poeti.
877 2451 910 2516 Ο.
939 2455 980 2516 98
1016 2459 1285 2534 raptamcaupani
1308 2453 1361 2516 de-

378 2572 544 2655 pravatum
578 2588 645 2631 esse
681 2589 719 2630 ex
753 2569 989 2648 raptamapoeti
1022 2588 1087 2631 ιιοιι
1124 2567 1192 2632 sine
1216 2567 1360 2631 veritatis

377 2686 512 2773 quedam
545 2685 649 2771 specie
672 2683 939 2768 affirmare'posse
962 2683 1042 2747 mihi
1066 2683 1181 2749 videor.
1229 2681 1360 2748 Arunda

377 2807 483 2869 autem
517 2804 547 2867 h.
572 2801 593 2865 l.
629 2800 758 2865 baculus
782 2803 848 2880 est,
871 2801 926 2885 qui
950 2800 1034 2885 posti
1056 2801 1107 2865 vel
1130 2821 1286 2885 eppenrus
1310 2800 1360 2864 vel

377 2918 539 3003 apponitur
562 2916 659 2979 fuisse
683 2915 817 2979 videtur.
858 2913 904 2977 Cf.
931 2912 1034 2978 Plaul.
1060 2911 1158 2978 Stich.
1184 2917 1221 2992 2,
1245 2917 1282 2991 3,
1307 2917 1358 2977 23.

421 3029 501 3095 Ibid.
545 3030 676 3094 Utinam
712 3050 761 3091 me
796 3032 898 3091 solum
933 3029 1085 3092 inimicus
1109 3031 1192 3111 ipnis
1215 3029 1360 3092 hauriret

377 3158 436 3212 aut
469 3149 636 3212 hibernum
672 3146 838 3208 invaderet
866 3166 965 3207 mare.
990 3181 1033 3192 -—
1057 3143 1187 3230 Oorrige
1209 3145 1360 3226 fulminis

376 3233 466 3346 ipnii.
525 3259 661 3324 Haurire
696 3260 726 3323 h.
763 3259 783 3322 l.
821 3259 906 3322 valet
939 3279 1145 3338 consumere,
1187 3261 1358 3324 absumere.

377 3379 423 3443 Of.
460 3377 528 3443 Liv.
562 3378 599 3455 5,
634 3376 669 3439 7:
716 3379 881 3458 Horaeque
910 3385 1069 3440 momento
1094 3379 1192 3440 simul
1214 3399 1360 3459 apperem

376 3519 413 3560 ac
447 3496 555 3559 vineas
668 3494 854 3557 incendium
877 3495 1005 3573 hausit,·
1029 3493 1075 3557 Id.
1102 3495 1159 3571 30,
1184 3494 1220 3557 5:
1246 3497 1360 3558 Multos

377 3657 473 3673 .....
499 3609 703 3672 semisomnos
726 3607 837 3688 hausit
859 3608 1004 3689 (lamma.

421 3726 454 3791 O.
482 3727 562 3789 101:
596 3705 820 3805 comprehendi
843 3727 992 3806 Eumolpi
1014 3746 1119 3807 penua
1143 3734 1172 3787 et
1197 3726 1359 3802 ,miserere’

376 3850 502 3928 inquam
521 3843 743 3920 ·‚moricntium
773 3851 803 3905 et
826 3864 883 3923 pro
907 3843 1060 3905 consortio
1084 3841 1258 3904 studiorum
1283 3864 1359 3905 ccm-

376 3962 465 4022 mada
499 3978 632 4020 manum.
671 3979 750 4020 mors
785 3957 887 4035 venit,
923 3978 1018 4038 quae,
1053 3956 1118 4018 nisi
1152 3977 1209 4036 per
1242 3966 1272 4020 te
1293 3979 1359 4020 non

375 4079 459 4151 licet,
483 4082 583 4154 pateat
606 4095 671 4136 esse
694 4094 751 4152 pro
775 4070 923 4136 munera*
950 4075 1131 4135 inundatus
1153 4076 1212 4136 hac
1235 4075 1358 4135 Eumol-

375 4209 435 4270 pus
469 4190 593 4249 inuidia
627 4191 716 4250 iurat
751 4208 809 4267 per
840 4191 914 4250 deos
946 4189 1081 4268 deaeque
1104 4209 1135 4250 se
1158 4211 1257 4271 neque
1279 4193 1358 4252 coire

375 4306 451 4386 quid
484 4303 634 4364 acciderit
669 4309 738 4364 cett.
778 4339 818 4350 -
853 4297 950 4364 Nullo
987 4302 1078 4365 modo
1112 4301 1274 4366 terendum
1309 4305 1358 4369 est
