3190 5114
385 696 607 782 corrigendum
636 698 771 780 putavit.
818 695 899 761 Mihi
921 697 1017 782 longe
1038 698 1156 762 rectius
1178 700 1211 762 et
1233 698 1354 783 simpli-
1417 746 1421 752 .

383 815 451 880 cius
485 813 610 878 videtur
643 837 698 898 pro
726 837 807 896 opus
830 814 1022 879 substituere
1044 823 1178 897 tempus.
1224 816 1354 883 Etenim

380 931 481 1013 primo
516 930 618 1014 capite
652 930 824 995 declaravit
846 931 990 1009 Tacitus,
1025 934 1181 1015 quantum
1205 933 1373 1017 temporis·

380 1047 519 1130 epatium
542 1067 619 1130 opus
642 1069 734 1112 suum
757 1049 994 1133 complexurum
1016 1051 1076 1114 sit:
1114 1055 1252 1115 Initium
1274 1056 1355 1114 mihi

379 1167 483 1243 operis
517 1165 646 1226 Servius
682 1166 781 1227 Galba
811 1171 931 1228 iterum
965 1169 1054 1230 Titus
1083 1170 1193 1231 Vinius
1217 1171 1356 1231 consules

363 1287 476 1341 ,crunt
499 1279 573 1342 ceti.
605 1276 728 1343 Deinde
752 1281 889 1346 secundo
912 1283 944 1346 et
966 1283 1063 1346 tertio
1086 1283 1189 1368 capite
1204 1285 1355 1368 temporis

379 1394 442 1456 iam
475 1391 598 1456 definiti
633 1413 735 1457 mores
770 1398 803 1458 et
826 1396 992 1481 ingenium
1015 1397 1104 1461 brevi
1126 1398 1160 1461 in
1184 1400 1354 1482 conspectu

378 1510 500 1594 posuit:
551 1514 686 1591 Tempus
717 1516 887 1593 adpredior
916 1518 1061 1594 opimum
1092 1517 1229 1590 casibus,
1262 1524 1355 1577 atron

374 1628 516 1706 procliis,
540 1630 657 1688 discors
673 1630 895 1704 seditionibus,
919 1633 990 1708 ipsa
1004 1633 1103 1691 etiam
1115 1649 1195 1711 pace
1210 1650 1352 1694 saevom:
1432 1627 1434 1632 ’

377 1751 528 1824 quattuor
565 1749 727 1824 principes
769 1748 857 1823 ferro
899 1749 1100 1827 interempti,
1144 1751 1233 1810 trina
1276 1751 1354 1814 bella

377 1863 485 1922 civilia
493 1907 700 1923 ..........
737 1862 808 1922 Non
832 1869 942 1923 tomen
964 1865 1042 1924 adeo
1065 1866 1225 1925 virtutum
1249 1867 1354 1928 sterile

378 1973 553 2050 saeculum,
576 1982 699 2036 utnon
722 1983 751 2036 et
774 1976 855 2036 bona
878 1977 1022 2055 encmpla
1044 1981 1230 2057 prodiderit.

422 2087 462 2153 V.
490 2091 547 2166 10,
572 2092 609 2153 2:
655 2092 735 2154 &cm
758 2099 788 2152 et
811 2095 936 2170 ipsein
959 2095 1078 2154 edendo
1104 2092 1353 2176 [hendecasylla—

380 2206 447 2291 bos]
481 2210 672 2284 haesitator,
707 2213 743 2269 tu
778 2217 887 2282 tamen
909 2230 1016 2271 meam
1038 2230 1157 2290 quoque
1180 2215 1355 2273 cunctatio-

378 2345 453 2386 nem
486 2327 733 2403 tarditatemque
761 2328 873 2387 vicisti.
911 2357 952 2372 --
985 2322 1024 2388 V.
1049 2330 1237 2401 haesitator,
1273 2325 1355 2409 quod

379 2441 504 2524 praeter
535 2438 564 2502 h.
589 2438 610 2502 l.
635 2460 791 2523 nusquam
816 2440 969 2517 occurrit,
1003 2463 1022 2505 a
1044 2437 1149 2505 Plinio
1172 2441 1356 2506 abiudioau·

380 2555 455 2619 dum
478 2576 598 2620 censeo.
630 2551 836 2619 Scribendum
858 2560 1077 2620 ¹haesitantior.
1111 2555 1158 2621 Of.
1183 2555 1362 2654 Oio01at3
1483 2577 1487 2584 ·

380 2670 412 2749 I,
439 2670 495 2735 10:
532 2673 628 2733 Carbo
651 2675 785 2752 iqnarm
807 2674 926 2753 lequm,
950 2674 1112 2735 haesitans
1136 2678 1172 2735 in
1194 2677 1356 2735 maiorum

381 2795 548 2854 institutis.

424 2905 505 2972 vll·
535 2909 575 2983 9,
608 2908 667 2970 14:
714 2909 800 2968 Inest
823 2909 872 2968 his
897 2902 1085 2989 [opusculis]
1107 2925 1224 2986 quoquc
1245 2907 1357 2967 eadem
1439 2887 1441 2891 ¹

381 3047 460 3107 quae
483 3026 556 3086 aliis
579 3026 776 3086 carminibus
799 3025 940 3098 utilitas,
962 3026 1045 3102 quod
1068 3027 1163 3085 metri
1176 3013 1346 3084 necessitat'

380 3144 555 3215 deuinctis,
589 3141 692 3202 soluta
726 3143 872 3202 oratione
902 3141 1072 3203 laetamur.
1111 3177 1151 3187 —
1175 3135 1357 3203 Lectiouem

382 3255 455 3321 Ood.
481 3255 563 3320 Med.
588 3255 712 3319 reddidi
734 3260 900 3318 deuinctis.
938 3255 1064 3319 Keilius
1086 3255 1185 3319 edidit
1208 3259 1357 3332 deiunoti,

381 3395 459 3438 num
491 3374 577 3436 recle
609 3370 726 3435 dubito.
773 3369 928 3453 Equidem
951 3369 1093 3434 Plinium
1116 3375 1261 3451 defuncti
1284 3371 1304 3433 i.
1329 3391 1355 3434 e.

381 3488 509 3554 liberati
546 3488 622 3551 olim
657 3486 819 3569 scripsisse
853 3486 945 3550 credo
980 3485 1048 3550 coll.
1085 3483 1149 3550 Oic.
1188 3506 1243 3569 pro
1271 3483 1355 3550 sext.

382 3605 473 3670 Rosc.
499 3607 558 3680 213
581 3604 640 3687 Ep.
665 3602 704 3666 ad
727 3597 799 3667 Div.
826 3599 926 3680 VIII,
954 3606 1003 3666 ll.

428 3717 502 3782 VII.
541 3719 599 3794 17,
636 3720 694 3782 13:
745 3720 852 3782 Timor
875 3727 920 3782 cst
942 3721 1127 3782 emendator
1150 3718 1356 3797 asperrimus.

384 3839 448 3899 Hoc
482 3835 608 3915 ipsum,
643 3838 723 3915 quod
747 3855 803 3896 nos
827 3835 1014 3897 recitaturos
1038 3834 1229 3914 copitamus,
1255 3853 1358 3895 emen·

383 3955 455 4014 dat:
490 3952 571 4030 qnod
604 3949 803 4013 auditorium
837 3950 1048 4030 inpredimnr,
1084 3950 1244 4010 emendat:
1279 3951 1359 4028 quod

384 4067 551 4148 pallemus,
585 4042 805 4140 horrescimus,
837 4062 1115 4141 circumspicimus,
1140 4065 1290 4125 emendat.
1316 4099 1358 4110 —

385 4182 543 4245 Timorem
565 4178 797 4243 emendatorem
821 4175 965 4261 equidem
982 4197 1047 4240 non
1059 4175 1281 4260 asperrimum,
1305 4178 1359 4242 sed

386 4275 572 4366 ademimum
596 4292 750 4356 existimo.
782 4288 851 4356 Nec
873 4289 997 4360 Plinius
1021 4290 1111 4356 eredo
1135 4292 1228 4356 aliter
1258 4295 1358 4358 sensit
