3190 5114
542 1257 835 1355 ruinosius
877 1257 1122 1353 altinus.

735 1600 842 1608 ...ω-.-
857 1600 929 1607 .—

386 1832 479 1898 Satir.
516 1830 550 1895 O.
586 1831 675 1916 2*):
707 1854 786 1914 paee
808 1842 912 1916 uestra
936 1835 1028 1896 liceat
1051 1837 1187 1908 diuisae,
1219 1834 1323 1911 prinu

341 1953 488 2012 omniurn
521 1950 735 2029 eloquentiam
756 1951 952 2030 perdidistis.
978 1951 1095 2012 leuibus
1118 1952 1205 2010 enirn
1229 1954 1323 2026 atque

342 2068 493 2129 inanibus
515 2070 607 2128 sonis'
622 2068 763 2128 ludibria
786 2070 944 2146 quaedam
968 2069 1136 2130 eaeitando
1160 2067 1321 2145 effecistis,

341 2190 378 2245 ut
410 2203 522 2262 eorpus
546 2186 701 2244 orationis
723 2192 933 2246 enervaretur
955 2191 985 2246 et
1008 2186 1143 2246 caderet.
1170 2215 1211 2230 ·-
1235 2177 1322 2242 Ulti-

339 2318 428 2361 mum
451 2295 637 2360 vooabulum
660 2296 746 2360 osius
770 2295 938 2386 delendum
953 2319 1073 2363 censeo.
1102 2296 1206 2361 Multo
1219 2294 1321 2378 magis

340 2415 444 2499 placet
474 2424 595 2492 areret,
627 2412 710 2497 quod
733 2413 867 2479 Heinsio
889 2415 1030 2480 debetur.
1078 2415 1190 2479 Malim
1211 2415 1321 2476 tamen

339 2533 458 2593 taberet
480 2529 499 2592 i.
525 2551 551 2592 e.
576 2528 743 2607 deflueret,
768 2533 1005 2595 consumeretur
1029 2530 1099 2595 ooll.
1124 2527 1215 2594 Ovio.
1241 2528 1317 2593 Met.

341 2645 377 2722 7,
413 2645 495 2708 54οε
543 2647 660 2726 Sparata
694 2667 754 2708 sua
788 2649 944 2729 lunaeque
976 2650 1097 2710 eadunt
1130 2654 1159 2709 et
1189 2666 1320 2726 corpora

338 2762 465 2839 tabent,·
489 2759 582 2823 Luor.
608 2763 645 2837 4,
672 2762 767 2824 1254.

382 2873 416 2938 0.
454 2878 514 2938 21:
549 2879 633 2940 Iussi
665 2898 736 2958 erpo
760 2851 978 2941 distribuimus
1001 2885 1031 2940 et
1057 2881 1237 2958 pustutione
1260 2880 1320 2938 nsi·

338 2996 430 3074 rifiea
464 2997 589 3055 initiati
624 2998 697 3056 uiuo
733 3000 831 3056 etiarn
867 2997 1003 3057 Falerno
1034 2985 1246 3057 inundamur.
1276 3030 1319 3040 —
1384 3035 1389 3046 ·

338 3109 568 3195 Corrigendum
604 3113 652 3173 est
687 3115 838 3190 inuitati;
876 3111 1026 3175 convivae
1060 3111 1146 3174 enim
1181 3110 1319 3193 primum

337 3227 520 3313 gustatione
555 3225 595 3288 ad
628 3225 801 3291 bibendum
832 3227 980 3304 excitati,
1011 3225 1125 3291 deinde
1148 3225 1319 3289 Falernum

337 3343 458 3428 largius
489 3342 672 3406 hauserunt.
721 3341 767 3406 Of.
792 3340 874 3406 Plat.
921 3341 1003 3407 Rud.
1030 3346 1066 3420 2,
1091 3345 1128 3419 3,
1153 3344 1213 3406 31:
1233 3346 1320 3423 perit

334 3463 476 3543 potando
499 3463 620 3539 opinor.
665 3461 834 3542 Neptunus
858 3463 986 3540 rnapnis
1008 3460 1128 3540 poculis
1150 3461 1209 3520 hae
1231 3463 1320 3519 noete

337 3599 411 3644 euni
446 3583 581 3662 invitat,
618 3580 638 3642 i.
663 3601 689 3642 e.
726 3577 766 3642 ad
798 3574 971 3641 bibendum
994 3577 1152 3660 provocat.
1200 3571 1316 3656 Amph.

339 3697 374 3772 1,
412 3695 448 3772 l,
486 3697 566 3760 126:
625 3697 721 3758 Credo
760 3695 867 3773 edepol
902 3694 1043 3754 dorrnire
1076 3693 1189 3766 saleru,
1224 3697 1319 3774 atque

336 3821 492 3894 appotuni
525 3815 627 3894 probe.
676 3813 760 3875 Mira
794 3817 887 3886 sunt,
922 3813 988 3872 nisi
1021 3811 1172 3871 inuitauit
1194 3827 1259 3868 sese
1282 3808 1318 3866 in

336 3952 433 3993 coena
452 3925 636 4012 plusculum
646 3977 655 4008 ,
680 3928 700 3992 i.
726 3949 752 3991 e.
778 3926 817 3990 ad
839 3923 1012 3989 bibendum
1035 3945 1067 3987 se
1091 3922 1252 3987 exaitavit.

341 4115 485 4124 ιη’-*-

368 4201 393 4267 *)
410 4201 519 4253 Petronii
536 4202 631 4254 Arbitri
640 4199 775 4252 Satirarum
787 4199 914 4264 reliquias,
932 4215 959 4250 ex
971 4197 1147 4250 recensiones.
1159 4195 1316 4256 Buecheleri‚

334 4296 442 4348 Beroliui
460 4299 534 4348 1862.
