3190 5114
826 497 867 558 42

358 699 430 764 oilla
453 701 513 779 34,
541 693 603 766 100
628 701 760 765 exilium
783 698 863 766 dicit
879 699 1068 784 perfuplum
1076 712 1336 785 pruritusquesup⁴

352 817 459 896 plicli,·
483 817 521 880 de
545 815 605 882 Off.
619 817 661 881 ΙΙ.
677 821 708 897 8,
724 820 765 883 26
778 821 923 883 senatum
935 818 1027 884 vocat
1041 825 1213 884 uatiouura
1222 827 1335 901 portus

355 945 385 998 et
407 943 580 1018 resupiuru.
628 935 690 1001 sed
712 936 839 1022 singula
861 958 995 1020 persona
1018 958 1174 1020 nusquam
1196 937 1335 1001 locorum

354 1051 543 1134 simpliciter
562 1053 834 1136 portusalicuius
856 1055 1004 1130 vocatur,
1028 1074 1092 1117 non
1115 1054 1218 1138 magis
1240 1073 1334 1136 quam

354 1169 444 1229 sirius
467 1164 618 1246 alicuius,
642 1188 832 1251 quamquam
844 1173 934 1231 siuas
946 1187 1183 1250 nonnumquam
1195 1165 1334 1250 perfugii

353 1281 516 1345 notionem
552 1271 647 1346 habet
680 1283 763 1367 apud
797 1287 965 1368 argenteae
999 1283 1112 1347 aetatis
1146 1284 1330 1366 scriptores,

354 1399 390 1458 ut
405 1392 487 1480 apud
499 1395 582 1461 Plin.
595 1397 713 1483 Paneg.
729 1402 766 1463 6:
791 1401 935 1481 cousupit
946 1405 981 1462 ia
994 1404 1102 1463 sirium
1115 1407 1209 1462 tuum
1221 1415 1331 1478 respub
1443 1437 1450 1448 ·

353 1513 451 1591 blico,·
482 1512 553 1577 Tac.
584 1511 669 1577 Hist.
701 1512 760 1577 IH.
786 1516 846 1578 69:
881 1517 1058 1596 respublica
1081 1519 1117 1576 ia
1146 1517 1331 1595 Vespasiani

353 1633 460 1692 siuuru
484 1635 630 1693 cessisset.
679 1629 755 1694 Voc.
778 1635 963 1712 praemium
987 1629 1122 1713 denique
1145 1630 1184 1693 de
1207 1630 1328 1692 fautore
1370 1669 1373 1677 -

351 1740 402 1809 ve'l
426 1747 581 1811 columine
605 1745 739 1810 alieuius
761 1768 802 1811 ne
825 1747 920 1811 semel
943 1747 1071 1830 quidem
1094 1746 1177 1830 apud
1199 1744 1330 1843 Latinos

353 1863 520 1945 scriptores
554 1863 708 1946 scriptum
744 1863 897 1927 invenies.
946 1863 1031 1939 Quae
1054 1883 1151 1947 quum
1174 1863 1220 1928 ita
1243 1863 1329 1940 sint,

349 1983 553 2059 portussiuus
573 1984 758 2060 praemium
780 1977 979 2041 librariorum
1001 1978 1200 2062 negligentia
1220 1978 1330 2061 depra-

351 2093 461 2184 uatum
493 2093 634 2175 suspicor
667 2113 706 2155 ex
740 2096 956 2172 fortissimum
990 2095 1209 2174 praesidium,
1248 2089 1330 2174 quod

351 2207 457 2273 Plinio
491 2231 586 2293 quam
619 2210 757 2293 primum
779 2208 973 2273 reddendum
996 2210 1065 2273 erit.
1112 2207 1159 2272 Of.
1185 2207 1249 2274 oie.
1275 2230 1330 2293 pro

351 2322 438 2388 Sulla
461 2328 520 2402 28,
545 2325 595 2389 77.

396 2439 487 2505 VIII.
513 2441 569 2518 20,
593 2445 630 2504 4:
669 2438 808 2525 [Aquae]
831 2443 913 2504 color
936 2443 1062 2504 caerulo
1085 2443 1232 2518 albidior,
1255 2446 1332 2504 oiri-

291 2579 293 2582 ·
354 2559 425 2619 llior
459 2565 488 2618 ct
509 2561 663 2638 pressior,
698 2558 840 2637 sulpuris
863 2559 939 2619 odor
961 2576 1116 2636 soporque
1137 2561 1332 2634 medicatus,

353 2675 418 2748 ois,
454 2692 516 2752 qua
551 2674 658 2750 fracta
692 2673 881 2734 solidaretur.
915 2705 958 2715 —
981 2669 1032 2733 Ex
1065 2671 1115 2734 his
1149 2671 1253 2735 verbis
1287 2673 1333 2736 ito

353 2785 481 2868 scriptis
504 2799 630 2868 prorsus
653 2784 742 2848 nulla
765 2785 924 2849 sententia
947 2784 1020 2849 elici
1043 2789 1166 2868 potest,
1189 2788 1253 2851 nisi
1275 2807 1332 2870 pro

352 2904 494 2982 sulpuris
527 2899 729 2962 substitueris
753 2902 883 2981 sulpure
906 2901 938 2962 ct
961 2899 1250 2984 interpunctionem
1273 2902 1331 2965 hoc

351 3015 442 3079 modo
475 3016 665 3079 mutaveris:
701 3019 783 3079 color
812 3019 937 3079 caerulo
960 3020 1111 3093 albidior,
1145 3022 1279 3080 uiridior
1300 3024 1332 3081 et

347 3138 487 3214 pressior
510 3136 656 3214 sulpure,
681 3137 756 3194 odor
775 3153 929 3213 saporque
952 3137 1145 3213 medicatus,
1168 3141 1215 3199 cis
1238 3145 1306 3200 cett.

391 3243 468 3310 VII.
494 3249 553 3323 21,
585 3247 623 3308 5:
669 3247 828 3308 Delicatus
852 3251 1026 3310 assimilis
1049 3253 1154 3329 ipuoto
1177 3257 1241 3327 est,
1274 3241 1341 3330 qui*

349 3369 448 3427 amici
470 3366 588 3427 librum
611 3365 727 3425 bouum
751 3365 874 3425 mavult
897 3367 1011 3427 audire
1034 3387 1130 3446 quum
1153 3371 1268 3446 facere.
1285 3395 1328 3413 -h

348 3479 490 3546 Plinium
512 3502 577 3544 non
600 3463 705 3561 unito
728 3479 782 3543 sed
805 3485 919 3561 ipuaco
942 3481 1104 3565 scripsisse
1126 3485 1195 3567 ipsa
1217 3484 1327 3549 verbo-

348 3614 419 3659 rum
442 3594 601 3661 sententia
625 3594 723 3658 docet.

392 3711 447 3777 IX.
484 3715 542 3791 11,
578 3715 616 3774 2:
662 3712 852 3792 Bibliopolas
883 3715 1035 3793 Lupcluui
1058 3734 1122 3775 csse
1144 3735 1208 3776 nou
1228 3725 1326 3796 puta*

347 3834 437 3907 bam,
468 3852 506 3893 ac
528 3838 618 3892 tauto
642 3831 790 3891 libentius
813 3849 852 3890 erc
875 3830 990 3891 litteris
1012 3834 1078 3892 tuis
1100 3837 1228 3910 copuooi
1250 3855 1325 3896 vcu-

347 3947 447 4009 ditori
481 3945 596 4009 libellos
630 3965 723 4006 meos.
758 3979 798 3988 -—
829 3940 918 4005 Inter
950 3947 1111 4005 venditari
1144 3944 1177 4005 et
1209 3937 1324 4011 libellos

347 4067 389 4126 ibi
413 4063 613 4128 intercidisse
636 4061 713 4124 satis
736 4058 940 4122 manifestum
962 4060 1018 4122 est.

390 4178 447 4244 IX.
474 4182 534 4258 13,
559 4180 618 4243 30:
665 4180 714 4239 Ad
736 4180 813 4237 liaec
835 4196 888 4256 epo
912 4181 1031 4252 ,amaia
1051 4184 1200 4261 praecepi
1222 4183 1324 4262 adque

347 4301 456 4359 auimo
480 4317 603 4360 roccum
627 4303 703 4357 autc
722 4295 847 4373 percpi,
879 4313 935 4355 acc
957 4315 1081 4373 recuso,
1112 4301 1139 4358 si
1162 4301 1209 4359 ito
1229 4317 1322 4360 casos
