3190 5114
810 474 851 538 76

337 684 408 743 iure
430 682 552 760 lequm,
583 699 662 764 quas
682 699 741 759 per
763 682 829 740 vim
852 679 935 740 latas
958 698 1022 740 esse
1045 678 1164 738 dicebat
1170 696 1183 753 ;
1209 675 1313 736 Ciuuo

337 801 406 857 cett.

382 905 422 971 In
445 907 552 971 eadem
575 904 628 972 Or.
654 911 683 974 3.
709 910 748 973 9:
775 911 890 974 Omnes
915 910 1063 989 Cafoues,
1087 929 1195 971 omues
1212 908 1318 970 Sacae

338 1034 518 1109 ceteraeque
537 1033 656 1106 pestes,
691 1047 772 1110 quae
794 1034 972 1111 sequautur
994 1027 1190 1101 Autouium,
1225 1027 1317 1087 aeoles

338 1143 397 1204 sibi
420 1146 572 1223 optimas,
607 1146 729 1220 hortos,
768 1145 968 1219 Tusculaua,
999 1143 1123 1204 Alboua
1145 1143 1316 1221 defiuiuul.

339 1259 439 1342 Atque
472 1263 571 1321 etiam
606 1263 749 1322 homiues
785 1267 940 1340 cerastes,
974 1261 1002 1320 si
1035 1261 1178 1320 horuiues
1212 1259 1261 1319 illi
1284 1277 1321 1319 ac

340 1395 405 1436 aori
439 1378 571 1456 possedes
603 1380 728 1457 potius,
765 1379 860 1438 iuoui
890 1396 944 1456 spe
974 1377 1017 1436 ad
1046 1395 1146 1459 aquas
1170 1395 1270 1460 usque
1293 1381 1323 1435 et

341 1491 487 1554 Puteolos
507 1496 738 1572 provehuntur.
756 1528 799 1540 -
819 1490 887 1555 Aut
910 1491 1017 1556 omnia
1038 1512 1089 1554 me
1111 1488 1243 1565 fallunt,
1268 1490 1324 1552 aut

342 1607 481 1666 immam'
504 1626 557 1686 spe
579 1626 644 1670 non
666 1611 762 1669 iuaui
784 1606 945 1670 sententia
969 1603 1112 1696 requirit.

371 1716 427 1800 ‚In
449 1716 569 1784 Antan.
594 1720 634 1784 X.
659 1725 688 1786 4.
715 1724 752 1785 8:
786 1725 989 1806 Quamquam
1011 1725 1067 1802 qui
1089 1739 1244 1803 umquam
1267 1727 1325 1781 aut

343 1839 413 1900 ludi
446 1846 505 1900 aut
538 1841 606 1902 dies
628 1841 773 1901 laetiores
796 1843 950 1919 fueruat,
984 1858 1082 1923 quam
1104 1857 1178 1900 oum
1201 1841 1237 1898 iu
1259 1839 1325 1897 siu·

343 1955 426 2033 aulis
456 1956 596 2017 uersibus
616 1956 754 2036 populus
778 1956 945 2020 Romarius
968 1956 1114 2015 maaimo
1136 1953 1274 2013 clamore
1295 1957 1325 2011 et

340 2074 461 2152 plausu
472 2074 569 2135 Bruti
581 2077 772 2136 memoriam
780 2074 1054 2156 prosequebatur?
1067 2105 1109 2116 -
1123 2067 1204 2143 Quia
1216 2067 1323 2149 inepte

343 2188 455 2252 edatur
489 2198 548 2253 aut
579 2191 650 2252 ludi
672 2196 731 2251 out
753 2190 838 2265 dies,
873 2185 1102 2250 Mommsenius
1126 2181 1322 2248 emendavit:

343 2315 401 2368 aut
438 2308 507 2368 ludi
541 2313 600 2367 aut
633 2306 823 2375 auditiones.
881 2299 976 2365 Codd.
1013 2301 1170 2384 scriptura
1203 2298 1325 2363 ineerta

342 2424 407 2497 est;
442 2431 500 2484 out
534 2424 625 2484 laudi
659 2419 779 2503 legitur
813 2421 846 2481 et
880 2439 923 2481 au
955 2421 1045 2492 luoli;
1079 2417 1136 2480 alii
1159 2427 1218 2481 aut
1239 2420 1323 2493 dies,

341 2546 400 2600 aut
433 2541 545 2602 audies
580 2534 750 2613 exhibent,
783 2533 839 2597 alii
872 2537 1020 2610 auuidis,
1053 2541 1111 2595 aut
1134 2536 1204 2595 diis.
1250 2528 1324 2594 Nisi

340 2650 418 2734 quid
439 2650 571 2728 melius,
596 2649 766 2735 legendum
789 2648 932 2713 videtur:
965 2635 1169 2734 Quamquam
1181 2651 1238 2732 qui
1250 2668 1322 2708 um·

340 2789 438 2856 quam
461 2777 560 2831 autea
583 2771 652 2830 ludi
675 2770 782 2830 laudis
806 2769 911 2829 avidis
935 2768 1080 2828 laetiores
1095 2767 1232 2844 fueruat
1247 2764 1321 2826 oett.

384 2882 464 2948 Ibid.
493 2887 543 2947 11.
570 2886 629 2948 26:
663 2888 740 2959 Quis
764 2888 865 2965 iailur
888 2888 915 2945 is
938 2886 1008 2945 esti
1045 2883 1110 2943 Aut
1135 2883 1175 2943 M.
1201 2883 1324 2942 Brutus

339 3009 398 3062 aut
435 3002 465 3063 G.
506 3002 631 3063 Cassius
669 3010 727 3062 aut
759 3008 901 3083 uterque.
969 3001 1177 3062 Deceruerem
1207 2998 1323 3078 plaue,

340 3103 421 3176 sieut
455 3117 558 3177 multa
595 3113 658 3197 [in]
693 3116 887 3190 consulibus,
923 3117 1062 3177 alterum
1090 3117 1252 3188 ambosve,
1287 3116 1340 3173 ui*

340 3233 482 3292 Brutum
519 3232 751 3312 oolliaassemus
788 3235 823 3292 iu
861 3231 995 3292 Graecia
1030 3232 1103 3294 eett.
1142 3267 1182 3276 -
1221 3231 1323 3291 Multa

340 3353 376 3410 iu
423 3350 601 3411 consulibus
647 3348 704 3433 (se.
742 3346 969 3432 deeemuntur)
1006 3346 1153 3412 Halmius
1201 3346 1324 3422 edidit,

340 3464 479 3543 ineerta,
522 3467 558 3528 ut
600 3465 668 3549 ipse
707 3465 891 3543 confitetur,
928 3466 1118 3530 coniectura.
1173 3463 1213 3528 In
1247 3463 1321 3528 Ood.

339 3578 586 3664 Tegernseensi,
628 3577 667 3642 ab
704 3580 773 3662 ipso
810 3577 938 3644 Halmio
979 3580 1108 3658 collata,
1149 3579 1204 3664 qui
1245 3577 1323 3642 alias

339 3717 437 3758 conss.
473 3695 523 3759 vel
558 3717 616 3759 cos.
652 3715 709 3777 per
738 3716 847 3759 omnes
871 3717 960 3760 casus
984 3698 1017 3760 et
1039 3717 1186 3760 numeros
1208 3693 1323 3758 habere

340 3809 435 3887 solet,
461 3813 566 3872 mulla
589 3812 728 3904 cousulib
751 3809 887 3894 legitur,
912 3811 947 3873 in
969 3810 1100 3894 reliquis
1123 3813 1227 3872 multa
1251 3831 1322 3873 cou-

339 3927 450 3987 sulem.
496 3922 600 3987 Probo
630 3923 725 3988 Ravii
756 3923 1025 4000 emendationem,
1060 3922 1116 4006 qui
1139 3921 1322 3988 Ciceronem

339 4038 504 4122 scripsisse
527 4038 646 4102 iudicat
669 4045 751 4102 sicut
774 4041 879 4101 multa
902 4041 1054 4101 solemus:
1079 4041 1161 4102 aller
1179 4043 1321 4118 arubove,

338 4154 402 4216 nisi
425 4154 508 4238 qnod
531 4157 669 4218 cousulib
693 4174 758 4217 non
781 4174 820 4216 ex
844 4157 995 4231 solemus,
1020 4153 1075 4252 sed
1098 4176 1137 4219 ex
1160 4160 1335 4220 consuevi--

337 4293 409 4335 mus
431 4271 638 4356 depravatum
661 4293 729 4336 esse
751 4271 900 4355 putarim.
939 4270 1008 4336 Hoc
1023 4272 1125 4357 igitur
1138 4272 1318 4358 legendum.
