3190 5114
836 491 878 551 24

369 698 461 762 facile
484 697 589 782 quivis
612 697 674 762 sibi
696 697 795 761 lector
818 696 1034 780 persuadebit,
1057 697 1122 761 nisi
1135 699 1348 781 quifortuila,

369 814 389 876 i.
415 834 441 876 e.
466 813 546 876 forte
570 815 602 876 ei
625 833 698 876 casu
725 812 917 890 accidentia,
942 813 1025 875 sumi
1048 817 1138 897 posse
1162 814 1331 878 existimer.

415 931 474 1013 ΕΡ.
512 932 572 1006 68,
611 932 670 993 14:
724 933 796 991 Non
830 938 874 992 est
909 939 1034 1009 tamen,
1072 935 1154 1011 quod
1187 933 1348 995 eaistimes

367 1049 469 1110 ullum
502 1056 640 1110 aetutem
675 1050 832 1132 aptiorem
866 1068 930 1109 esse
964 1050 1006 1108 acl
1040 1050 1155 1110 bonam
1188 1057 1343 1127 mentem,

368 1187 461 1245 qnam
477 1211 616 1226 .......
642 1184 721 1243 quae
743 1166 786 1224 acl
809 1166 969 1224 salutaria
992 1163 1149 1243 mitipatis
1173 1166 1347 1243 adfectibus

367 1281 454 1342 uenit
467 1326 563 1340 .....
602 1279 748 1358 Quisquis
782 1276 944 1340 senec'acl
968 1279 1164 1360 sapientiam
1184 1281 1346 1360 peruenit,

367 1395 464 1457 annis
483 1394 639 1477 peruenit.
658 1388 775 1455 -Pro
798 1390 919 1454 insulso
942 1393 974 1454 et
996 1390 1112 1476 frigido
1136 1392 1232 1454 annis
1248 1413 1347 1454 sanus

365 1507 621 1574 substituendum
645 1528 711 1570 esse
735 1526 855 1570 censeo

409 1627 468 1710 ΕΡ.
495 1605 553 1703 69,
579 1630 615 1689 4:
665 1628 731 1690 Cito
766 1628 894 1720 rebellat
922 1629 1075 1705 adfectus.
1101 1645 1293 1706 quocumque
1315 1647 1347 1687 se

275 1803 278 1808 .
365 1747 514 1818 verterit,
542 1741 685 1821 pretium
709 1741 837 1821 aliquod
856 1762 1009 1820 praesens
1033 1743 1247 1824 occupationis
1270 1763 1347 1804 suae

365 1857 528 1938 adspiciet.
556 1889 595 1903 »-
621 1853 697 1918 Voc.
728 1856 942 1936 occupationis
976 1854 1053 1936 quid
1082 1854 1112 1917 h.
1138 1855 1158 1917 l.
1184 1854 1246 1919 cibi
1268 1854 1347 1920 velit

365 1992 429 2035 non
453 1970 529 2033 satis
552 1989 603 2032 me
627 1966 815 2050 intellegere
838 1969 997 2032 confiteor.
1046 1970 1193 2032 Pretium
1216 1991 1347 2053 occupa-

364 2089 460 2151 tionis
484 2109 560 2150 suae
582 2086 665 2150 nihil
688 2084 774 2148 aliud
798 2085 978 2169 significare
990 2087 1108 2168 potest,
1132 2086 1197 2150 nisi
1207 2088 1347 2170 pretinm

364 2205 447 2295 qnod
480 2205 610 2268 affectus
644 2203 796 2286 accipiet,
831 2203 859 2265 si
893 2225 926 2266 se
960 2204 1107 2287 occupari
1140 2224 1251 2287 passus
1274 2206 1344 2268 erit.

364 2320 453 2397 Quod
476 2319 552 2404 quid
574 2321 617 2382 sit
638 2319 753 2383 nescia.
790 2316 836 2381 Ac
852 2318 1018 2403 intellego,
1043 2321 1191 2385 affectum
1207 2323 1347 2405 pretium

364 2433 541 2518 adspicere,
576 2435 603 2496 si
638 2456 670 2498 se
703 2434 771 2516 ipsa
799 2435 958 2518 corrumpi
993 2457 1103 2518 passus
1135 2437 1241 2500 erili.
1267 2460 1293 2501 e.
1319 2440 1347 2501 si

364 2550 511 2616 seductus
536 2551 598 2615 erit
620 2551 660 2614 ed
672 2572 805 2635 pravum
821 2551 942 2635 aliquid
959 2553 1238 2631 committendum,
1261 2558 1347 2638 post-

364 2692 458 2755 quam
492 2669 588 2733 semel
622 2669 662 2733 ed
683 2669 799 2733 bonam
821 2671 907 2755 frugi
930 2692 963 2734 se
987 2673 1124 2754 recepil;
1160 2695 1235 2736 nam
1257 2695 1347 2758 prae-

364 2787 475 2876 seriim
508 2785 656 2850 docemur
687 2807 760 2848 eum
785 2785 847 2850 cito
870 2784 1021 2850 rebellare
1046 2787 1153 2850 solere.
1201 2786 1347 2852 Scriben-
1384 2867 1393 2884 ·

364 2903 440 2967 dum
463 2923 538 2986 ergo
560 2903 622 2966 erit
642 2908 778 2984 pretinm
803 2904 1015 2985 corruptionis
1039 2925 1124 2966 suae.

407 3016 468 3099 ΕΡ.
507 3016 566 3094 72,
605 3019 642 3078 l:
690 3019 771 3097 Erpa
803 3020 858 3079 hoc
882 3019 1122 3100 inpraesentia
1145 3019 1345 3099 differamus.

364 3138 504 3198 maltum
544 3139 631 3196 enim
669 3154 804 3219 operae,
839 3137 981 3196 multum
1015 3137 1203 3216 dilipentiae
1240 3141 1345 3218 poscit.

365 3273 430 3315 mon
456 3252 593 3335 primum
623 3250 791 3330 lonpiorem
815 3254 917 3312 eodem
941 3253 1004 3313 loco
1027 3273 1193 3334 speravero
1216 3273 1346 3331 moran,

364 3375 441 3428 tunc
475 3367 561 3428 istud
593 3365 628 3427 in
663 3386 776 3427 munus
799 3385 925 3427 sarran.
952 3402 993 3412 -
1017 3362 1138 3429 Seneca
1160 3366 1229 3430 sine
1253 3365 1347 3431 dubio

363 3504 428 3547 non
452 3503 628 3565 speravero,
658 3481 713 3544 sed
732 3463 890 3564 paravero
914 3481 1051 3565 scripsit.

408 3600 467 3684 ΕΡ.
505 3599 563 3675 74’,
599 3597 658 3660 28:
707 3600 778 3660 Non
814 3606 918 3660 tanen
945 3600 1047 3661 minor
1070 3598 1200 3683 [virius]
1224 3609 1284 3676 est,
1319 3601 1347 3662 si

365 3738 402 3779 ea
436 3715 548 3777 altiore
581 3712 709 3794 sastipio
733 3715 770 3776 in
789 3714 969 3794 priuatum,
1006 3713 1151 3792 enrepio
1175 3715 1210 3774 in
1232 3715 1348 3777 humile
1433 3771 1435 3780 .

365 3830 567 3908 subducitur,
604 3851 640 3891 er
672 3829 795 3910 publico
819 3836 849 3889 et
872 3828 1007 3911 spatioso
1031 3828 1101 3890 iure
1124 3828 1159 3889 in
1182 3830 1347 3910 anqustius

365 3954 472 4013 domus
506 3952 553 4012 uel
580 3949 694 4028 anpnli
728 3947 797 4009 coit.
826 3983 864 3992 —
890 3944 1066 4009 Verborum
1089 3942 1198 4008 ordine
1220 3946 1347 4011 turbato

365 4065 522 4127 chiasmus
555 4063 585 4125 h.
611 4061 631 4125 l.
669 4061 829 4124 interiisse
864 4059 998 4142 ridetur.
1044 4055 1158 4122 Altum
1180 4059 1347 4144 fastigium

366 4180 452 4244 onim
486 4181 519 4241 et
552 4178 712 4262 privatum
734 4197 799 4240 non
822 4176 939 4239 rectius
963 4176 1048 4239 inter
1070 4197 1103 4241 se
1126 4179 1346 4260 opponuntur,
