3190 5114
825 473 881 518 xlv

361 646 499 708 habenda
529 615 684 723 existimo,
717 669 808 730 quam
829 651 953 734 dubiam
977 653 1157 734 plerumque
1177 662 1209 717 et
1228 655 1341 738 ancipi-

362 808 422 862 tem
443 799 580 864 codicum
601 801 701 863 fidem.
744 803 783 864 Et
803 813 893 866 erunt
912 806 1054 882 tortasse,
1088 806 1140 887 qui
1161 807 1271 869 acriter
1291 827 1340 869 me

361 1114 496 1169 versatus
516 1107 589 1184 sim,
613 1119 647 1172 ut
668 1111 765 1191 qualis
785 1111 849 1172 ficti
870 1110 1036 1193 Archetypi
1057 1111 1227 1192 antiquitus
1247 1113 1339 1193 scrip-

358 1267 428 1320 tura
461 1259 554 1321 fuerit
586 1261 650 1322 lere
681 1281 830 1344 nusquam
861 1263 1044 1342 investigare
1074 1215 1221 1326 curarem:
1274 1265 1337 1326 Hos

317 1455 323 1472 ,
357 1413 589 1496 reprehensores
618 1415 718 1496 legere
749 1416 851 1491 velim,
884 1434 962 1496 quae
982 1415 1131 1489 (lobetus,
1164 1416 1337 1478 carissimus

354 1574 548 1648 praeceptor,
580 1568 733 1648 praeclare
764 1568 821 1628 hac
852 1568 889 1628 de
910 1562 1084 1648 rescripsit
1105 1568 1149 1647 (in
1175 1567 1337 1648 Hyperidis

355 1680 507 1779 &rationis
537 1717 685 1779 Funebris
716 1717 890 1778 recensione
919 1738 948 1799 p.
982 1717 1022 1779 ‘26
1046 1719 1125 1799 sqq).
1167 1718 1233 1789 Quo
1254 1718 1335 1780 lacto

1102 1805 1125 1826 Γ

353 1877 453 1938 nescio
473 1895 511 1936 an
533 1875 775 1956 Archetyporum
796 1875 1011 1937 auctoritatem
1032 1877 1187 1957 aliquanto
1209 1877 1335 1938 minoris

354 2029 543 2092 aestimaturi
564 2028 631 2089 sint.

393 2183 494 2254 Quum
526 2202 582 2246 nec
612 2137 741 2245 scrihere
774 2191 895 2246 tantum
917 2203 971 2246 nec
992 2191 1115 2246 tantum
1136 2187 1248 2267 legere,
1282 2189 1334 2250 sed

352 2338 482 2400 invicem
503 2339 563 2400 huo
591 2346 622 2399 et
642 2339 713 2401 illuc
733 2357 902 2401 commeare
922 2340 1122 2401 instituissem
1144 2342 1333 2421 alterumque

352 2492 448 2554 altero
468 2499 651 2573 temperare,
673 2492 804 2554 multum
825 2491 930 2554 abesse
951 2491 1079 2567 videbis,
1102 2500 1137 2554 ut
1154 2492 1194 2553 ad
1206 2493 1332 2555 eandem

351 2661 490 2706 normam
521 2641 684 2704 direxerim
710 2642 820 2704 omnia.
862 2642 1020 2704 Interdum
1040 2642 1136 2704 fusius
1157 2643 1281 2724 quidem
1303 2653 1334 2706 et

351 2801 442 2862 latius
472 2800 627 2881 disputare
658 2807 783 2862 conatus
815 2818 894 2875 sum,
928 2768 1105 2880 plerumque
1136 2817 1207 2861 vero
1229 2803 1332 2881 paucis

351 2973 416 3016 rem
437 2953 566 3029 absolvi,
598 2960 689 3034 prout
710 2953 755 3014 vel
771 2953 842 3033 ipsa
863 2971 911 3016 res
932 2954 1086 3034 postulare
1107 2953 1170 3015 visa
1191 2961 1251 3029 est,
1286 2955 1333 3016 vel

352 3108 452 3170 animo
485 3124 602 3168 morem
625 3124 730 3185 gerere
752 3106 872 3186 placuit.
916 3107 964 3168 Ita
984 3107 1099 3168 lactum
1120 3114 1179 3182 est,
1213 3114 1249 3167 ut
1269 3126 1332 3170 sae-

364 953 548 1034 vituperent,
578 952 659 1032 quod
680 959 744 1014 tam
766 960 880 1016 temere
900 963 930 1017 et
950 955 1161 1040 imprudenter
1182 958 1214 1020 in
1235 958 1340 1021 critica

1577 3187 1587 3260 l

352 3264 418 3346 pius
441 3262 649 3344 quaestionem
670 3263 795 3342 singulis
817 3261 916 3323 verbis
937 3280 1090 3324 moverem
1111 3262 1219 3343 magis,
1240 3279 1331 3343 quam
1414 3315 1416 3320 ,

350 3419 410 3479 rite
431 3423 462 3478 et
482 3416 587 3478 ordine
608 3423 789 3478 excuterem.
830 3412 927 3486 Quam
948 3415 986 3478 ob
1008 3433 1085 3490 rem,
1108 3415 1182 3495 quin
1203 3416 1234 3476 in
1257 3436 1331 3497 quo-

350 3572 478 3633 rundam
498 3570 760 3651 reprehensionem
775 3571 942 3645 incurram,
965 3571 1028 3631 lere
1038 3589 1098 3632 non
1113 3570 1228 3632 dubito.
1252 3569 1330 3631 Sunt

350 3725 446 3800 enim,
482 3687 529 3785 sat
562 3721 639 3798 scio,
676 3723 728 3803 qui
760 3723 834 3784 nihil
860 3723 1025 3803 quidquam
1047 3722 1175 3804 probare
1196 3723 1327 3798 soleant,

349 3878 407 3940 nisi
437 3876 518 3956 quod
548 3877 666 3938 minute
697 3884 742 3938 et
761 3877 878 3938 concise
909 3883 1088 3951 tractatum,
1126 3883 1218 3955 atque
1239 3877 1330 3938 anxia

349 4029 479 4109 quadam
494 4035 524 4089 et
538 4045 658 4088 morosa
671 4027 840 4089 subtilitate
855 4025 1041 4088 elaboratum
1056 4025 1328 4106 elucubratumque

347 4180 398 4242 sit.
435 4180 499 4259 Ego
519 4197 603 4250 vero,
632 4177 759 4239 forsitan
781 4177 879 4253 fallar,
903 4178 1063 4238 molestum
1092 4178 1252 4238 verborum
1276 4197 1328 4238 an·

348 4333 478 4396 fractum
509 4332 643 4395 taedium
674 4332 842 4412 legentibus
874 4338 906 4393 et
936 4330 1091 4394 fastidium
1123 4333 1213 4396 nimis
1239 4350 1328 4412 saepe
