3190 5114
716 503 758 566 45

245 708 339 772 stitit.
394 705 486 771 Nihil
521 711 606 773 certe
639 706 800 784 Plinium,
834 701 1220 790 provincieemectorem,

228 806 325 887 'scire
371 822 519 887 interfuit
563 821 650 906 queli
695 822 764 886 cibo
802 820 979 885 Christiani
1001 819 1223 893 vescerentur,

246 914 353 1023 itaque
393 961 458 1004 non
496 961 573 1023 opus
604 939 668 1002 fuit
702 938 858 1003 affirmare
889 938 983 1002 illum
1002 941 1225 1019 promiscuum

245 1053 343 1116 fuisse
377 1056 410 1117 et
433 1049 624 1118 ‘incenium
671 1050 718 1116 At
751 1074 817 1117 non
845 1052 933 1116 cibus
958 1050 1050 1138 credo
1073 1048 1128 1114 sed
1150 1070 1226 1114 con·

245 1174 378 1249 ventus,
402 1189 495 1256 quem
517 1171 631 1235 hebere
655 1170 800 1235 solebant
822 1169 862 1234 ed
885 1169 991 1234 cibum
1015 1165 1225 1252 capiendum,

245 1287 441 1370 promiscuus
478 1289 546 1350 eret
580 1288 612 1350 et
647 1268 796 1350 innonius
821 1285 840 1348 i.
866 1306 892 1348 e.
916 1305 1025 1349 omnes
1048 1282 1224 1347 Christiani

245 1400 492 1484 uniuscuiusque
515 1399 655 1478 ordinis,
687 1419 841 1482 sexusque
864 1397 1034 1462 etaetatis
1058 1395 1228 1460 convenie-

245 1515 322 1579 bant
346 1514 460 1580 cotidie
483 1536 548 1580 non
574 1515 636 1578 elio
660 1514 813 1591 consili0‚
837 1535 931 1598 quem
955 1515 992 1576 ut
1015 1511 1227 1577 communiter
1312 1549 1314 1553 -

246 1631 352 1696 eibum
376 1633 534 1716 caperent.
582 1629 667 1706 Quae
690 1653 763 1695 cum
787 1631 832 1693 ite
856 1631 936 1708 sint,
961 1630 1046 1694 inter
1069 1633 1174 1692 eibum
1197 1637 1227 1692 et

241 1752 462 1829 promiscuum
493 1745 646 1810 excidisse
668 1746 733 1810 fere
757 1748 856 1830 puto:
895 1754 1086 1810 conventum
1108 1747 1226 1808 babere

245 1866 359 1928 solitos.

630 2279 844 2346 penetremus.

291 2460 325 2524 O.
360 2462 395 2522 1:
444 2463 506 2535 Qui
540 2479 607 2523 moe
641 2464 693 2523 cui
724 2464 833 2542 potius
866 2480 966 2544 quom
996 2459 1137 2536 consuli,
1172 2464 1231 2519 aut

246 2583 376 2667 quando
409 2583 512 2660 maqis
547 2582 756 2660 usurpandus
791 2579 998 2663 colendusque
1032 2585 1098 2651 est,
1132 2596 1232 2662 quam

246 2716 323 2776 suoi
333 2740 430 2756 .....
468 2679 510 2755 od
532 2697 672 2774 oqeiidae
695 2697 814 2774 optimo
834 2697 980 2774 principi
1002 2695 1125 2772 9rotios
1148 2695 1232 2754 esci-

246 2814 381 2873 temore
405 2847 446 2858 -
471 2806 596 2872 Soloeee
628 2809 798 2872 coniuncte
821 2810 898 2891 puto
921 2829 988 2871 mos
1012 2810 1045 2870 et
1067 2829 1231 2890 usurpan-

246 2928 326 3004 dum·
351 2924 442 3008 culpe
465 2926 573 2987 temen
596 2943 661 2986 non
684 2923 719 2986 in
742 2921 902 3000 Plinium,
927 2921 982 2985 sed
1005 2921 1041 2984 in
1062 2920 1230 2984 librarium
1275 2963 1282 2974 ·

246 3041 434 3105 conferenda
468 3041 604 3105 videtur.
652 3038 796 3104 Plinium
831 3044 1042 3104 observandus
1068 3038 1231 3122 scripsisse
1309 3079 1315 3100 t

248 3156 347 3220 eredo.
372 3153 419 3218 Of.
444 3153 509 3219 Oic.
535 3152 668 3239 edAtt.
693 3153 741 3232 Π,
769 3157 828 3232 19,
854 3155 892 3231 5,
916 3154 1004 3218 Fam.
1020 3152 1084 3230 VI,
1110 3154 1230 3239 10‚12‚
1265 3229 1267 3234 Ι

246 3273 301 3337 ubi
323 3295 373 3337 vv.
396 3277 558 3336 observare
582 3274 614 3335 et
637 3275 736 3335 colere
758 3293 822 3335 uno
844 3274 954 3336 tenore
967 3269 1229 3355 scriptevidebis.

291 3388 324 3452 0.
351 3392 386 3452 2:
423 3392 472 3451 Ad
495 3410 573 3475 quos
598 3391 652 3452 ilie
674 3410 759 3452 voees
782 3391 925 3452 lacrimis
949 3392 1047 3451 etiam
1069 3409 1107 3450 ac
1129 3390 1230 3450 mutto

243 3510 367 3587 pudore
390 3511 602 3588 suffunditur.
619 3542 658 3554 -
675 3509 830 3589 suffundi
840 3511 963 3588 pudore
974 3492 1067 3570 nemo
1081 3517 1230 3589 umquam

246 3622 346 3702 dixit,
381 3623 512 3707 opinor,
548 3623 598 3688 vel
633 3624 791 3707 scripsit3‘
815 3626 925 3688 contre
947 3627 1060 3687 rubore
1083 3625 1256 3737 suffundi,
1282 3641 1285 3649 ·

246 3740 310 3804 fere
345 3763 502 3825 nusquam
536 3762 601 3804 non
635 3740 764 3805 obvium
794 3743 851 3803 est.
898 3738 947 3804 De
971 3738 1230 3804 erubescentibus

246 3857 331 3921 enim
365 3857 484 3922 dieitur
514 3857 565 3922 vel
588 3856 735 3922 ruborem
758 3856 798 3918 iis
822 3854 979 3933 suffundi,
1014 3854 1065 3918 vel
1088 3875 1139 3918 eos
1164 3852 1230 3916 suf·

245 3969 337 4036 fundi
374 3972 495 4036 rubore.
540 3969 625 4034 Illud
660 3961 780 4054 legitur
813 3968 897 4052 opud
931 3966 1001 4032 Liv.
1038 3966 1142 4044 XXX,
1169 3970 1229 4045 15,

245 4090 304 4154 hoc
327 4088 410 4172 apud
434 4088 525 4184 Ouid.
551 4089 628 4155 Met.
653 4088 684 4166 I,
709 4092 792 4167 483,
815 4085 924 4151 Amor.
948 4084 1008 4149 IH.
1034 4089 1072 4163 3,
1097 4088 1116 4150 5
1141 4087 1173 4149 et
1196 4086 1231 4150 in

246 4204 314 4287 ipso
346 4201 502 4288 Panegyr.
538 4226 564 4270 c.
603 4192 654 4269 48ss
709 4204 753 4304 nt
786 4202 845 4266 hoc
882 4201 984 4285 igitur
1018 4199 1085 4264 loco
1118 4203 1231 4264 erobore

247 4322 468 4408 corrigendum
491 4323 562 4386 erit.
