3190 5114
303 1183 499 1269 Appendicis
530 1183 597 1248 loco
619 1182 769 1268 pauculos
793 1203 831 1246 ex
854 1180 1015 1246 Ciceronis
1039 1177 1241 1245 Orationibus
1343 1251 1352 1276 x

261 1303 344 1367 locos
367 1301 478 1366 addere
501 1300 589 1365 libet.

303 1415 343 1480 ln
379 1413 583 1487 Antoniana,
599 1412 624 1476 I.
663 1416 723 1491 13,
761 1415 800 1476 31
821 1411 869 1496 *),
901 1408 1037 1474 Antonii
1060 1413 1242 1477 memoriam

261 1535 381 1599 excitat
415 1535 518 1597 orator
552 1531 591 1595 ad
623 1513 711 1593 illius
743 1529 807 1593 dici
832 1530 872 1614 (a.
898 1527 927 1591 d.
952 1526 1032 1592 XVI
1054 1527 1125 1592 Kal.
1150 1526 1243 1613 Aps.)

262 1652 502 1736 cogitationem,
527 1670 588 1733 quo
611 1649 645 1712 in
667 1647 776 1712 aedem
798 1645 934 1710 Telluris
948 1649 1059 1711 senatu
1073 1649 1242 1712 convocato

260 1765 420 1851 praeclara
443 1765 583 1830 oratione
606 1781 716 1848 pacem
739 1784 811 1827 cum
823 1762 1104 1846 praestantissimis
1119 1763 1242 1827 civibus

261 1883 459 1947 confirmasse
483 1881 570 1946 visus
594 1883 679 1944 erat:
728 1883 815 1956 Quae
838 1883 906 1960 fuit
929 1884 1031 1942 oratio
1054 1883 1093 1942 de
1115 1901 1242 1944 concor-

259 2000 336 2060 dia!
370 2005 489 2081 quanto
518 2005 607 2062 metu
630 2004 773 2058 veterum
796 1997 976 2072 malorum,
1012 2005 1134 2078 quanta
1157 1999 1241 2058 solli-

259 2116 402 2176 citudine
424 2117 536 2176 civitas
560 2121 631 2174 tum
654 2133 674 2173 a
698 2121 728 2174 te
751 2115 885 2174 liberata
908 2120 970 2189 est,
995 2133 1069 2174 cam
1092 2115 1240 2194 colleqom

259 2241 353 2294 tuum
363 2278 465 2294 ......
487 2233 539 2292 illo
553 2234 699 2311 primum
715 2232 767 2291 die
783 2231 932 2308 calleyom
947 2231 1004 2290 tibi
1019 2250 1083 2291 esse
1102 2232 1239 2292 coluisti.

242 2385 302 2411 .-
324 2345 433 2411 Lectio
467 2354 609 2408 veteram
647 2348 808 2407 maloram
842 2342 969 2406 Halmio
1005 2341 1154 2421 debetur,
1189 2343 1242 2408 cui

257 2463 339 2548 quod
375 2461 469 2540 Oodd.
505 2461 623 2526 habent
655 2465 804 2524 ueterani
835 2459 992 2544 displicet.
1040 2458 1080 2524 ln
1103 2459 1240 2524 editione

256 2599 346 2658 vero,
370 2599 448 2662 quse
471 2599 498 2642 a.
526 2577 611 2642 1858
629 2576 771 2640 Berolini
786 2575 919 2659 prodiit,
944 2575 1005 2638 etsi
1020 2575 1240 2640 emendatione

257 2715 313 2758 sua
347 2693 464 2757 reiecta
497 2691 600 2775 magis
632 2691 667 2754 in
690 2689 829 2753 Manutii
853 2688 1045 2752 sententiam
1070 2689 1241 2754 inclinasse

257 2809 360 2887 ιὶιιιι,
391 2809 446 2892 qni
469 2812 617 2870 ueterani
640 2804 808 2869 delendum
833 2804 977 2878 censuit,
1000 2807 1108 2869 tamen
1130 2806 1242 2890 vulga-

258 2927 325 2988 tam
348 2923 518 2987 lectionem
542 2919 768 3006 quodammodo
785 2919 870 2983 tueri
886 2922 1016 2984 conatus
1029 2923 1086 2984 est.
1115 2919 1242 2985 »Wenn

257 3037 308 3101 die
341 3035 452 3100 Lesart
475 3035 614 3119 richtig'’
639 3035 746 3119 inquit
768 3033 857 3098 ιιιιιιιί
880 3033 935 3098 das
958 3032 1053 3098 Wort
1076 3036 1166 3100 nicht
1189 3036 1242 3100 cin

258 3150 401 3216 Glosaem
425 3150 485 3229 ist,
521 3171 555 3213 so
578 3152 650 3235 sagt
673 3148 801 3227 Cicero,
837 3149 887 3214 die
911 3148 1108 3230 Velamen,
1140 3137 1243 3216 denen

260 3268 390 3332 Caesars
413 3266 479 3330 'lod
501 3265 552 3330 die
569 3269 713 3351 grdssten
728 3264 934 3350 Besorgnisse
950 3265 1132 3350 eingefldsst
1143 3267 1242 3345 hatte,

260 3385 347 3448 scien
381 3386 447 3447 crst
478 3382 576 3446 durch
606 3381 657 3445 die
680 3379 897 3464 Aussdhnnng
920 3379 974 3444 des
997 3377 1159 3444 Antonius
1183 3380 1243 3444 mit
1294 3452 1296 3457 .
1329 3444 1331 3450 ,
1387 3415 1389 3422 ,

261 3502 380 3565 seincm
404 3498 555 3583 Oollcgen
578 3497 643 3562 und
665 3498 726 3560 mit
749 3496 811 3560 dcn
835 3475 1086 3560 Verschworncn
1109 3482 1255 3560 dariiber'
1334 3491 1349 3513 “

252 3615 410 3699 'berchigt
443 3612 584 3693 worden,
621 3611 691 3676 dass
726 3611 823 3675 ihnen
860 3610 910 3674 dic
944 3609 1131 3675 leierlichen
1162 3610 1242 3675 Ver-

261 3732 481 3816 sprechungen
517 3729 570 3793 des
608 3727 719 3830 Senats
756 3727 906 3812 gehalten
945 3727 1102 3792 wurdcn.''
1157 3728 1242 3806 Quae

262 3849 431 3933 explicatio
454 3848 545 3913 docta
568 3847 712 3931 quidem,
736 3844 791 3909 scd
813 3846 910 3910 nimis
934 3848 1077 3910 contorta
1101 3849 1133 3910 et
1147 3868 1242 3931 quac-

262 3964 324 4026 sita
359 3962 494 4028 videtur.
541 3960 643 4041 Nam,
679 3964 715 4024 ut
750 3963 853 4024 cetera
887 3961 1033 4040 mittam,
1070 3961 1155 4026 credi
1176 3983 1242 4026 non

261 4080 382 4163 potest,
416 4081 571 4142 oratorem
604 4080 678 4142 ante
714 4075 877 4141 civitatem
908 4075 1105 4155 universam,
1139 4078 1241 4162 primo

263 4257 457 4266 -n-——m

294 4331 318 4398 *)
337 4331 400 4382 Usus
418 4347 470 4381 sum
487 4331 590 4382 aditione
607 4331 731 4382 Orellicns
749 4331 832 4382 altera.
