3190 5114
825 483 865 544 12

398 687 530 752 Prorsus
564 675 663 750 simili
685 686 765 750 vitio
788 685 910 750 laborat
932 684 1018 748 locus
1042 682 1139 748 eiusd.
1164 679 1248 745 Diel.
1275 681 1334 758 17,

357 807 393 870 1:
427 807 496 869 Scio
519 827 587 868 reru
610 824 675 866 non
698 825 762 866 esse
784 807 820 865 in
844 809 955 865 nostra
975 809 1131 883 potestate
1153 822 1209 863 nec
1232 801 1334 862 aliurn

355 923 520 1000 adfectam
544 924 677 995 seruire,
709 923 844 982 minime
875 938 946 981 vero
970 940 1062 993 euni,
1093 922 1147 1002 qui
1171 939 1210 980 eu
1233 918 1337 978 dolore

354 1040 509 1100 nascitur.
527 1073 567 1084 -
584 1032 750 1098 Sententia
773 1034 850 1097 satis
873 1033 981 1116 aperte
1004 1032 1094 1096 docet
1118 1037 1180 1096 scio
1196 1030 1336 1095 dolorem

355 1176 420 1218 non
444 1176 508 1218 esse
530 1152 607 1217 olim
631 1153 785 1238 scripinm
808 1152 915 1216 fnisse.

733 1478 771 1540 DE
789 1475 964 1538 CLEMENTIA.

403 1628 435 1708 I,
462 1631 499 1708 1,
524 1631 561 1694 3:
597 1632 637 1692 In
660 1634 718 1692 hac
753 1637 846 1692 tanta
880 1630 1036 1708 facultate
1069 1648 1180 1691 rerurn
1202 1648 1267 1690 non
1291 1633 1342 1691 ira

359 1769 410 1810 nie
440 1751 483 1809 ad
512 1752 627 1834 iniqua
650 1749 808 1828 supplicia
835 1748 996 1827 conpulit,
1030 1766 1095 1808 non
1118 1748 1268 1809 iuuenilis
1293 1751 1343 1808 in-

356 1871 460 1943 petas.
475 1910 504 1925 ..
533 1885 598 1925 non
622 1867 693 1943 ipsa
716 1865 924 1925 ostentandae
944 1882 1003 1941 per
1026 1869 1161 1923 terrores
1180 1865 1342 1941 potentiae

359 1983 454 2056 dira,
479 1983 532 2043 sed
555 1985 707 2067 frequens
730 1983 856 2061 niapnis
880 1981 1025 2059 imperiis
1051 1979 1161 2058 plocio.
1188 2015 1228 2024 -
1254 1975 1344 2040 Vitio

359 2095 436 2159 haee
471 2094 567 2160 verba
600 2096 740 2161 laborare
774 2095 939 2171 videntur,
973 2093 1038 2157 nisi
1071 2094 1152 2158 forte
1187 2094 1258 2178 quis
1281 2094 1342 2158 rite

359 2209 516 2294 explicare
553 2212 669 2296 possit,
703 2212 805 2296 qualis
840 2211 883 2274 sit
914 2210 1015 2295 gloria
1047 2211 1114 2274 dire
1137 2210 1342 2275 ostentandae

358 2327 530 2410 potentiae.
578 2323 725 2410 Suspicor
759 2329 889 2390 dirased
922 2325 1091 2390 lectionem
1126 2346 1192 2388 esse
1226 2325 1341 2388 misere

358 2442 540 2507 mutilatam
563 2465 612 2508 vv.
639 2444 851 2507 aviditassed.'
889 2439 1004 2506 Omnis
1027 2441 1140 2506 saltem
1163 2443 1247 2506 recte
1269 2462 1341 2524 pro-

358 2556 492 2633 cedunt,
527 2558 555 2620 si
589 2559 753 2643 scripseris
787 2581 852 2623 non
876 2565 946 2640 ipsa
969 2562 1176 2621 ostentandae
1198 2580 1256 2638 per
1277 2566 1340 2620 ter-

357 2692 444 2736 rores
460 2680 623 2756 potentiae
646 2676 798 2752 aviditas,
823 2680 876 2739 sed
891 2680 1041 2760 frequens
1057 2679 1183 2756 rnapnis
1195 2678 1340 2755 imperiis

356 2789 467 2868 picria.

402 2902 436 2967 0.
463 2907 497 2981 8,
526 2907 562 2968 2:
588 2909 692 2982 Qum
715 2910 820 2972 multa
843 2907 900 2969 tibi
922 2927 987 2969 non
1010 2908 1126 2982 licent,
1150 2925 1231 2990 quae
1253 2907 1340 2967 nobis

357 3025 504 3104 beneficio
527 3033 582 3088 tao
605 3027 725 3087 licent?
764 3028 897 3088 Possunt
922 3029 957 3086 in
980 3027 1116 3108 qualibet
1136 3029 1231 3104 parte
1253 3025 1340 3084 urbis

359 3141 441 3201 solus
465 3143 609 3202 incedere
633 3144 701 3203 sine
724 3145 854 3217 timore,
890 3145 1034 3225 quamvis
1056 3143 1165 3202 nultus
1188 3146 1340 3224 sequatur

357 3273 478 3330 carnes,
512 3256 622 3317 nullus
657 3258 698 3317 sit
731 3259 839 3332 domi,
874 3257 983 3318 nullas
1017 3257 1059 3316 ad
1087 3256 1172 3316 latas
1195 3255 1338 3334 pladius:

361 3372 428 3432 Tibi
451 3375 487 3433 in
511 3379 569 3434 tua
589 3393 668 3453 pace
691 3381 818 3435 armato
841 3376 1014 3436 oioendurn
1038 3380 1091 3434 est.
1118 3409 1152 3418 -·
1179 3367 1241 3434 Pro
1261 3392 1340 3452 pace

357 3507 430 3550 aree
453 3487 710 3553 substituendum
734 3511 801 3554 esse
824 3488 918 3554 facile
933 3488 995 3553 tibi
1008 3487 1219 3573 persuadebis,
1242 3508 1340 3570 quum

356 3603 424 3665 tem
459 3605 680 3688 praecedentia
715 3609 862 3671 accurate
896 3606 1090 3690 perlegeris,
1132 3626 1227 3688 quem
1261 3625 1341 3687 quse

357 3721 498 3804 proxime
522 3727 713 3806 sequuntur:
737 3728 892 3788 Aberrare
905 3747 925 3786 a
941 3727 1077 3804 fortuna
1094 3732 1152 3786 tua
1166 3743 1232 3785 non
1243 3730 1337 3803 potes.

356 3842 473 3903 obsidet
505 3849 535 3904 te
559 3851 589 3904 et
611 3864 796 3932 quocunque
819 3826 1016 3907 descenderis
1038 3862 1154 3923 rnapno
1177 3813 1340 3923 adparata

357 3961 511 4041 sequitur,

399 4068 477 4134 nod.
503 4093 569 4156 cap.
594 4073 611 4156 ᾗ
636 4077 673 4137 4:
722 4075 823 4135 Multa
847 4082 958 4136 eontra
981 4081 1011 4137 te
1033 4075 1090 4136 lua
1113 4081 1167 4138 est.
1192 4078 1339 4137 omniunt

355 4188 390 4246 in
424 4190 522 4250 istanc
556 4189 698 4252 conrasi
731 4192 814 4252 cadi
848 4197 933 4253 sant.
961 4225 1002 4237 -
1026 4186 1257 4273 Corrigendum
1291 4191 1339 4253 est

353 4307 457 4368 matta
480 4310 565 4370 cirea
588 4315 619 4371 te
641 4310 700 4372 lucc
724 4316 780 4373 est.
