3190 5114
825 476 991 538 s*

387 684 433 740 tes
467 683 496 740 et
530 684 643 758 operta
661 678 852 760 praecordia
875 687 906 743 et
928 679 964 743 iu
983 678 1107 762 publico
1129 681 1291 763 medioque
1312 683 1360 747 ui·

387 800 455 856 tom
491 801 521 856 et
554 794 658 858 ommis
692 795 763 859 aeui
781 805 983 879 prospectum
1003 797 1293 880 ueuieutiumquel
1315 836 1358 848 —

430 906 491 984 Qui
523 908 618 973 habet
639 910 741 974 omnis
777 911 847 975 aevi
869 913 1088 996 prospectum,
1123 915 1155 977 ei
1180 913 1358 992 venientia,

388 1021 520 1105 opinor,
555 1022 743 1106 praevidet„
773 1023 945 1089 Reicienda
968 1046 1042 1110 ergo
1076 1026 1138 1090 orii
1171 1026 1277 1110 spuria
1300 1048 1360 1091 vox

383 1139 649 1222 oeuieutiumque.
691 1137 760 1204 Neo
782 1142 884 1226 magis
906 1140 1011 1226 placei
1032 1142 1115 1226 quod
1137 1144 1284 1224 nonnulli
1306 1144 1360 1208 de-

382 1254 497 1321 derunt
520 1265 736 1340 eventumque.
768 1256 842 1324 Nisi
865 1258 942 1343 quid
964 1260 1099 1339 melius,
1133 1263 1359 1344 scientiamque

379 1392 527 1457 propono.

768 1603 934 1614 ψ..-

448 1757 639 1820 altioeus.
657 1755 708 1830 tl,
726 1758 750 1818 S.
768 1757 810 1819 to
829 1758 1011 1835 Gaulotus,
1029 1761 1069 1823 ot
1084 1760 1156 1824 vus
1174 1761 1282 1824 ΒΕΑῘΛ.

424 1953 521 2034 017,
546 1958 565 2018 2
591 1958 696 2032 Quare
710 1954 827 2018 cultius
850 1977 906 2018 rus
929 1957 986 2022 tibi
1008 1965 1062 2033 est,
1086 1978 1183 2038 quum
1194 1957 1357 2022 naturalis

380 2094 457 2136 usus
490 2074 676 2136 desiderati
718 2093 776 2135 cur
813 2093 878 2136 uou
915 2077 957 2136 ud
991 2075 1229 2156 praescriptum
1262 2082 1356 2137 tuum

380 2185 507 2255 coeuusi
543 2212 600 2253 cur
623 2190 680 2253 tibi
702 2190 840 2253 uitidior
866 2193 1008 2272 supellex
1031 2196 1101 2255 esti
1136 2213 1193 2255 cur
1216 2193 1304 2272 apud
1327 2197 1357 2252 te

379 2309 493 2372 uiuum
521 2287 627 2369 dstote
649 2314 707 2369 tud
729 2307 885 2369 uetustius
907 2306 1051 2368 bibituri
1075 2329 1132 2370 cur
1154 2315 1270 2370 aruum
1292 2306 1357 2368 dis·

377 2423 539 2505 pouiturl
561 2441 618 2486 eur
641 2423 766 2484 arbores
789 2421 873 2484 uihil
897 2428 1027 2502 praeter
1049 2425 1198 2484 umbram
1219 2425 1357 2484 dulurue

380 2540 624 2602 conserventur?
637 2535 777 2601 —Fieri
799 2557 864 2601 non
880 2557 971 2620 posse
983 2537 1147 2615 existima,
1171 2540 1207 2600 ui
1219 2559 1275 2600 cus
1289 2537 1319 2600 h.
1332 2537 1353 2600 l.
1449 2609 1450 2612 Ἴ

379 2652 536 2738 probetur.
573 2648 752 2736 Absurdpm
777 2651 864 2715 enim
887 2653 957 2730 est,
992 2652 1149 2716 intereas
1172 2673 1242 2732 res,
1277 2673 1356 2736 quae

380 2768 505 2834 luxuria
537 2766 766 2852 depravantur,
790 2766 893 2851 primo
915 2766 982 2831 loco
1006 2765 1121 2832 cultius
1144 2789 1198 2830 rus
1222 2787 1356 2832 comme·

371 2885 503 2964 morari,
527 2906 599 2949 oum
621 2885 806 2969 praesertim
817 2884 965 2968 deinceps
976 2885 1044 2949 arvi
1056 2867 1200 2969 dispositi
1212 2907 1357 2970 expresse

381 3002 501 3067 mentio
535 3002 619 3065 facia
651 3002 702 3065 sii.
751 3001 845 3066 Haud
879 3001 1010 3066 dubium
1042 3003 1143 3086 igitur
1176 3007 1243 3082 est,
1278 3005 1357 3088 quin

384 3120 501 3183 ilerum
535 3116 657 3180 librarii
680 3115 841 3181 cuiusdam
865 3116 978 3181 calami
1002 3116 1108 3200 lapsus
1131 3118 1166 3181 in
1188 3118 1281 3203 culpa
1303 3119 1354 3182 sit.

375 3215 463 3298 'Vide
509 3252 641 3316 quaeso,
687 3252 729 3295 an
761 3251 827 3295 non
872 3228 989 3294 Seneca
1023 3231 1204 3314 scripserit:
1252 3235 1357 3308 Quare

380 3350 495 3414 cultius
517 3370 629 3430 coeptu
652 3349 709 3412 tibi
732 3356 786 3425 est,
810 3368 905 3429 quum
916 3349 1078 3410 udturulis
1096 3369 1173 3411 usus
1187 3348 1354 3412 desiderat.

380 3465 545 3531 Facillime
561 3465 672 3549 opinor
688 3443 793 3527 OPVS
816 3462 851 3525 in
873 3459 956 3526 Rvs
980 3463 1145 3548 depravari
1166 3463 1279 3547 poluit.

425 3578 459 3643 G.
485 3582 536 3658 22,
564 3582 603 3642 l:
630 3581 714 3654 Quid
737 3585 846 3640 autem
868 3579 957 3642 dubii
980 3583 1034 3656 est,
1058 3580 1135 3660 quiu
1157 3583 1233 3643 huee
1252 3580 1356 3643 maior

382 3685 522 3762 materia
551 3695 691 3777 supieuti
719 3695 787 3757 uiro
810 3695 852 3757 sit
874 3695 1023 3758 culmum
1056 3695 1239 3777 euplicauoli
1260 3716 1356 3758 suum

381 3819 418 3881 iu
441 3812 563 3878 divitiis
597 3833 692 3893 quom
715 3811 751 3874 iu
771 3814 987 3892 paupertate?
1019 3829 1091 3873 cum
1114 3811 1150 3872 iu
1172 3814 1231 3874 hac
1252 3832 1356 3874 uuum

380 3951 478 4014 qeuus
501 3928 629 3991 uirtutis
652 3927 693 3990 sit
714 3948 779 3988 uou
802 3925 952 3989 iucliuori
973 3946 1030 4011 uec
1052 3925 1213 4006 deprimi,
1248 3927 1284 3988 iu
1306 3926 1356 3989 di-

381 4047 467 4110 ultiis
501 4053 531 4108 et
564 4042 775 4125 temperantia
801 4049 831 4104 et
864 4041 1036 4104 liberalitas
1070 4049 1100 4104 et
1133 4040 1299 4122 diliqeutia
1326 4050 1356 4103 ct

381 4157 541 4242 dispositio
574 4166 604 4221 et
643 4155 881 4238 moquifueutiu
914 4176 1063 4236 campum
1099 4158 1208 4218 habeat
1242 4162 1355 4238 pateu-

382 4282 454 4338 tem
472 4319 481 4336 .
502 4269 687 4356 Quicunque
709 4269 802 4354 paulo
831 4267 961 4354 propius
995 4268 1034 4331 ad
1061 4269 1221 4356 scriptoris
1244 4270 1355 4336 volun·
