3190 5114
721 525 759 586 31

203 707 219 738 ⁹
255 737 442 802 crediderim
465 735 504 801 de
526 734 619 799 rebus
635 734 803 798 inutilibus
818 736 945 799 tantum
961 757 1137 801 sermonem
1151 759 1234 817 esse,

255 851 456 937 quamobrem
479 851 635 933 corrigere
658 848 755 913 velim
778 859 887 912 scruta
909 855 997 913 trita.

300 966 333 1030 0.
358 969 416 1031 63:
465 969 610 1030 Ceterum
633 967 708 1027 bam
731 968 784 1028 ille
807 969 918 1047 lonqus
938 976 1010 1048 post
1033 971 1088 1029 hoc
1110 971 1235 1047 sactum

254 1104 436 1169 numquam
470 1083 580 1144 coloris
614 1085 666 1142 sui
700 1085 783 1160 fuit,
819 1086 917 1144 immo
936 1091 1008 1163 post
1027 1105 1147 1165 paucos
1170 1088 1235 1148 dics

251 1204 456 1282 phreneticus
487 1202 594 1279 periit.
620 1234 663 1245 —
687 1195 799 1259 Malim
833 1219 1010 1282 numquam
1039 1222 1161 1282 compos
1184 1207 1235 1264 sui

254 1321 338 1397 fuit,
372 1313 454 1397 quod
476 1314 604 1398 propius
629 1314 713 1376 certe
737 1312 777 1376 ad
799 1312 862 1377 loci
885 1315 1079 1379 sententiam
1102 1311 1242 1380 accedit'

258 1435 386 1516 Compos
421 1438 472 1496 sui
495 1431 603 1496 eodem
627 1453 721 1494 censu
744 1451 805 1514 quo
828 1453 951 1513 compos
975 1438 1080 1495 animi
1103 1454 1235 1516 usurpa-

253 1550 323 1611 tum
358 1547 523 1610 iuvenitur
557 1546 640 1629 apud
674 1545 743 1609 Liv.
781 1548 818 1622 8,
856 1548 913 1622 18;
942 1543 1088 1610 Curtium
1111 1550 1150 1623 4,
1177 1549 1234 1624 12;

254 1665 381 1729 Oelsum
405 1665 441 1744 5,
467 1664 517 1726 26.
543 1685 573 1726 n.
600 1666 648 1726 13.

299 1781 332 1845 Ο.
371 1781 430 1845 75:
476 1782 548 1842 Non
582 1788 627 1841 est
660 1783 777 1861 dipnm
811 1779 917 1865 [puer]
951 1802 1045 1866 quem
1080 1787 1116 1844 in
1137 1785 1235 1845 oculis

249 1902 382 1979 seram?
417 1901 470 1959 secl
494 1899 675 1958 Fortunata
699 1904 793 1958 vetat.
819 1901 867 1958 ita
890 1901 947 1959 titi
970 1900 1115 1975 videtur,
1139 1900 1235 1978 sulci-

233 2001 371 2097 pediu?
405 2017 522 2076 suadeo
556 2015 672 2074 bonum
707 2021 802 2074 tuum
826 2034 1016 2100 concoquas,
1052 2016 1168 2091 milvo,
1205 2023 1234 2077 et

253 2153 304 2192 me
337 2150 403 2192 non
424 2132 528 2208 facias
551 2133 750 2209 rimantem,
778 2131 1013 2190 amasiunculu.
1038 2162 1079 2174 -
1105 2126 1234 2212 Oomiga

252 2250 369 2310 suadeo
400 2266 537 2326 poenam
573 2253 665 2306 tuam
700 2265 870 2328 concoquas
902 2245 922 2306 i.
947 2265 973 2307 e.
999 2260 1097 2328 aequo
1128 2245 1234 2310 animo
1263 2227 1266 2252 ¹

251 2363 398 2448 patiaris,
434 2363 562 2424 strenue
597 2360 687 2423 feras.
735 2359 927 2424 Trimalchio
961 2362 1068 2423 autem
1096 2360 1234 2423 convitio

250 2480 349 2542 iratus
383 2477 513 2542 calicem
543 2477 577 2539 in
601 2476 714 2539 faciem
738 2475 930 2540 Fortunatae
954 2477 1137 2541 immiserat.
1185 2476 1231 2540 Or.
1280 2489 1283 2496 ’

249 2618 274 2661 c.
303 2597 384 2660 105:
421 2603 451 2658 et
482 2615 534 2675 eqo
559 2596 689 2680 quidem
713 2601 776 2656 tres
797 2596 910 2675 plaqas
935 2596 1100 2675 Spartana
1122 2597 1234 2658 nobili-

248 2705 314 2774 tate
335 2715 473 2781 concoai.
511 2708 631 2773 Eodem
654 2706 746 2770 modo
769 2706 803 2770 Ο.
830 2710 871 2772 82
896 2708 933 2771 de
949 2708 1083 2772 Tantalo
1097 2709 1232 2794 legitur:

248 2835 326 2892 sicco
350 2832 511 2912 concoquit
533 2849 588 2890 one
611 2830 743 2905 famem.
1043 2827 1045 2832 '

293 2941 327 3006 O.
365 2945 426 3007 83:
463 2964 526 3023 ,eqo
560 2945 669 3030 inquit
698 2947 793 3022 poeta
818 2962 889 3003 sum
913 2951 942 3003 et
965 2951 1002 3003 ut
1027 2963 1133 3023 spero,
1168 2966 1233 3008 non

249 3049 425 3121 humillimi
459 3058 593 3138 spiritus
606 3103 703 3118 .....
744 3047 864 3143 »quari
898 3055 986 3137 erqo''
1014 3057 1119 3142 inquis
1146 3066 1233 3120 »tam

250 3178 334 3238 male
356 3176 488 3238 uestitus
512 3173 585 3236 es?''
617 3180 750 3255 propter
777 3177 832 3235 hoc
856 3173 971 3253 ipsum.
998 3195 1090 3236 amor
1112 3173 1235 3254 inpenii

249 3293 411 3355 neminem
435 3312 591 3375 umquam
614 3291 746 3354 diuitem
757 3289 854 3371 fecit)
876 3327 910 3338 -
924 3288 1035 3354 Potius
1048 3290 1234 3355 crediderim

248 3405 440 3489 Eumolpum
475 3405 591 3469 dixisse
626 3409 723 3468 ardor
747 3405 870 3486 inpenii
893 3407 1055 3469 neminem
1079 3428 1234 3488 umquam

249 3525 380 3587 divitem
403 3525 489 3604 fecit.

294 3638 327 3702 0.
361 3640 419 3702 95:
455 3640 587 3702 interim
616 3633 748 3702 coctores
771 3640 986 3721 insulariique
1010 3643 1156 3704 mulcant
1179 3663 1234 3705 ea-

249 3761 371 3821 clusum
414 3755 643 3842 [Eumolpum]
683 3793 723 3802 -—
759 3754 1005 3838 Improbandum
1042 3756 1175 3820 videtur·
1203 3779 1231 3820 v.

249 3873 472 3953 insulariique.
518 3871 577 3935 Ex.
611 3891 677 3954 cap.
711 3871 753 3933 98
777 3873 909 3953 apparet
933 3871 967 3934 in
990 3872 1133 3954 proxima
1156 3872 1234 3935 vici-

248 3990 304 4052 nia
338 3990 486 4074 Encolpii
521 3989 618 4053 cellae
652 3989 785 4073 popinas
818 3989 930 4066 luisse,
966 3988 1045 4052 dicit
1072 3990 1157 4054 enim
1188 3989 1233 4054 ibi

248 4105 441 4192 Eumolpus:
476 4108 513 4170 ni
546 4111 623 4170 deus
637 4156 643 4170 .
659 4155 688 4169 ..
722 4128 823 4187 puero
854 4106 1035 4169 eucussisset
1058 4108 1232 4187 indicium,

249 4226 354 4286 elusus
389 4224 472 4308 (lega
504 4223 659 4306 occlusus)
684 4225 768 4287 circa
788 4223 926 4305 popinas
950 4207 1102 4286 errarem.
1150 4222 1233 4298 Qua·

247 4339 387 4404 mobrem
421 4338 644 4425 corrigendum
677 4341 754 4423 puto
778 4349 910 4404 coctores
934 4340 1146 4422 isicius-iique,
1170 4360 1231 4423 quo
