3190 5114
817 473 918 540 ‘80

407 676 444 739 ui
474 673 621 739 Halmius
645 676 748 763 vidit).
794 676 938 742 Primum
961 678 1046 743 enim
1069 679 1234 743 verborum
1257 683 1386 745 conlex-

339 840 341 845 .
405 793 475 855 ianr
505 794 537 855 el
561 793 832 859 continnalionem
855 795 1051 879 impediunt,
1084 794 1111 857 si
1134 795 1261 879 quidem
1283 800 1385 875 hunc,

405 931 423 970 a
446 930 506 992 quo
529 912 686 992 posirema
709 912 824 995 incipit
847 911 1011 995 periodus,
1042 911 1185 995 qnodque
1208 933 1294 976 nnnc
1317 913 1385 975 iure

404 1025 591 1106 reprehendi
624 1027 741 1109 possit,
777 1027 842 1089 illis
877 1027 989 1091 deletis
1014 1026 1140 1090 demum
1164 1049 1237 1091 cum
1259 1048 1391 1110 praece.

404 1136 493 1226 denli
513 1163 586 1220 ,nen
618 1144 690 1224 apic
721 1142 874 1206 cohaeret.
922 1139 1044 1205 Deinde
1067 1163 1086 1203 a
1108 1143 1206 1205 lolius
1230 1143 1291 1206 loci
1314 1163 1385 1206 sen·

403 1255 505 1320 tentia
538 1277 664 1339 prorsus
698 1257 875 1322 abhorrent.
925 1259 1003 1323 Toto
1037 1259 1123 1323 enim
1146 1259 1213 1323 loco
1236 1261 1295 1323 hoo
1317 1260 1386 1344 agi-

402 1374 472 1450 tur,
507 1375 544 1435 ul
578 1371 773 1437 Mithridatis
808 1377 841 1438 et
866 1373 992 1439 Medeae
1015 1375 1121 1453 dolus,
1155 1375 1287 1440 minime
1311 1396 1385 1438 vero

403 1492 439 1552 ui
462 1488 590 1553 Medeae
613 1491 729 1574 palris,
753 1491 855 1555 obiter
878 1493 1005 1556 lanium
1029 1492 1278 1569 commemoraii,
1300 1513 1385 1554 mae·

402 1624 454 1667 ror
488 1606 520 1666 ei
552 1603 692 1668 militum
714 1604 927 1669 Romanorum
950 1606 1073 1669 lacliiia
1096 1607 1182 1671 inter
1204 1627 1236 1669 se
1260 1626 1384 1690 compa·

402 1717 542 1795 rentur,t
561 1737 639 1800 quos
663 1721 824 1801 praelerea
847 1742 912 1784 non
937 1720 1109 1798 laetitiam,
1140 1719 1195 1783 sed
1216 1719 1384 1783 avariiiam

403 1832 438 1894 in
460 1832 674 1917 persequendo
696 1834 870 1898 iardevisse
896 1829 1092 1900 crediderim.

446 1948 508 2013 Pro
543 1947 645 2014 Sestio
681 1952 710 2015 5.
748 1955 806 2015 12:
854 1955 890 2016 Si
924 1956 965 2015 M.
1002 1953 1110 2016 Petrei
1144 1975 1210 2015 non
1233 1951 1385 2030 eccellene

403 2068 564 2130 unimur..
580 2115 587 2130 .
603 2117 633 2131 ..
659 2071 847 2142 eustitieeet,
872 2091 971 2149 neque
995 2070 1126 2132 adiutor
1149 2070 1178 2132 ei
1201 2072 1237 2132 P.
1263 2069 1385 2131 Sestius

326 2252 329 2263 ,
403 2189 446 2248 ud
469 2185 668 2249 emoliendum
685 2187 871 2262 Antonium,
895 2189 1133 2263 cohortandum,
1157 2188 1384 2259 occurendum,

403 2305 622 2382 impellendum
657 2305 788 2382 fuisset,
813 2307 918 2389 'dutus
950 2304 1002 2364 illo
1035 2301 1167 2365 inbelle
1191 2311 1270 2365 erret
1294 2300 1386 2364 hiemi

351 2456 353 2460 ψ
404 2420 497 2481 loeus.
511 2453 554 2464 -
567 2415 650 2492 Quid
671 2416 767 2478 facies
791 2436 905 2499 quaeso
928 2415 983 2478 illo
999 2419 1219 2493 occurendum,
1244 2413 1385 2477 averbo-

404 2557 475 2598 rnm
506 2537 659 2599 contextu
680 2541 807 2616 prorsus
830 2531 956 2596 alieno‘t
1002 2529 1042 2594 In
1064 2530 1290 2595 velastioribus
1314 2529 1382 2594 edd.

404 2651 501 2716 litura
536 2651 674 2717 deletum
708 2654 764 2714 esi.
817 2648 928 2713 Potius
966 2648 1170 2726 crediderim,
1202 2646 1385 2712 Ciceronem

404 2773 578 2835 uouendum
611 2768 641 2832 h.
668 2768 688 2830 l.
714 2767 886 2851 scripsisse.
933 2763 1057 2829 Aonere
1081 2763 1241 2828 excitandi
1263 2765 1329 2827 vim
1353 2766 1384 2827 ei

403 2887 593 2969 potestatem
625 2887 657 2947 et
680 2883 757 2947 alibi
780 2882 892 2959 habel,
927 2883 959 2943 el
982 2901 1038 2964 pro
1061 2877 1091 2944 S.
1116 2879 1208 2944 Rosc.
1232 2877 1304 2976 Am.
1331 2882 1382 2943 38.

407 3001 489 3079 110,
512 3023 569 3085 pro
591 2999 662 3085 Lig.
689 3003 718 3064 4.
746 3000 796 3063 10.

448 3113 510 3178 Pro
544 3115 663 3179 Milone
699 3116 750 3177 21.
788 3113 848 3176 56:
893 3115 981 3175 Adde
1004 3118 1114 3189 carue,
1147 3117 1229 3175 uelde
1250 3113 1385 3174 incertos
1487 3187 1492 3198 ι

405 3235 509 3298 enitue
541 3255 721 3315 pupnarum
757 3236 947 3312 Martemque
978 3252 1181 3306 communem,
1215 3230 1270 3308 qui
1291 3250 1384 3308 caepe

405 3350 588 3432 spoliantem
623 3350 687 3411 inin
719 3358 749 3410 et
772 3351 977 3411 occultantem
1002 3348 1113 3410 evertit
1136 3354 1166 3408 et
1188 3345 1322 3425 perculit
1345 3349 1383 3408 ab

405 3469 530 3531 abiecte.
556 3505 599 3515 —-
622 3465 733 3529 Malim
768 3461 897 3528 euertit
918 3474 948 3528 et
982 3466 1104 3546 pepulit
1134 3463 1202 3528 coll.
1228 3484 1283 3546 pro
1307 3461 1383 3528 an-

406 3585 477 3649 cina
503 3586 552 3646 l2.
579 3585 640 3646 33:
671 3583 725 3662 qui
748 3583 782 3644 in
805 3604 881 3662 poce
904 3592 934 3645 et
957 3585 1109 3646 otio....
1142 3583 1380 3664 repulerit...

405 3699 565 3762 auerterit.
613 3695 778 3761 Contraria
811 3698 933 3762 ralione
968 3719 1033 3761 non
1063 3699 1202 3786 pepulit,
1238 3697 1292 3760 scd
1315 3719 1384 3778 per-

405 3815 483 3879 culit
515 3812 685 3897 legendum
720 3815 768 3875 esi
802 3811 842 3874 ad
875 3810 947 3876 Div.
981 3817 1009 3876 4.
1035 3816 1084 3877 l3.
1110 3815 1146 3874 2:
1195 3815 1392 3895 Quemquam,

406 3930 486 3992 enin
511 3930 604 3990 nullu
627 3950 673 3988 me
695 3930 798 4006 iprum
822 3927 970 4007 privatin
993 3925 1116 4005 pepulit
1138 3924 1274 4005 incipnis
1296 3927 1385 3989 iniu-

405 4044 457 4106 ria
479 4043 553 4105 cell.

450 4154 530 4221 Ibid.
556 4159 608 4219 22.
634 4157 693 4221 60:
726 4159 834 4221 Subito
858 4156 981 4236 abrepti
1003 4155 1039 4217 in
1061 4158 1267 4238 quaestionem
1281 4164 1385 4219 temen

407 4283 603 4357 separentur
637 4297 658 4336 a
692 4276 801 4338 ceteris
835 4282 865 4336 et
900 4274 934 4336 in
967 4295 1059 4339 arcuo
1092 4277 1311 4354 coniciuntur,
1345 4298 1386 4339 ne
1425 4278 1428 4284 '
