3190 5114
830 479 871 543 74

405 681 486 748 Ibid.
522 688 559 760 4,
592 687 651 747 11:
701 688 785 759 Quid
809 688 857 747 illi
880 689 1039 749 immanes
1061 696 1209 767 quaestus
1232 692 1339 768 fereu-

356 804 444 878 diue,
467 822 543 882 quos
567 803 608 865 M.
634 803 768 864 Antonii
791 809 858 863 tota
882 805 1031 865 exhausit
1049 791 1183 866 domus?
1206 805 1338 866 Decreta

354 917 441 993 falsa
463 918 630 992 vendebat,
656 938 773 997 requa,
797 921 956 994 ciuitates,
980 922 1203 982 immunitates
1225 924 1261 982 iu
1284 943 1337 986 aes

355 1040 482 1112 accepta
514 1037 653 1113 pecum'a
690 1035 814 1094 iubebat
845 1037 953 1094 incidi.
1002 1033 1102 1118 [Haeo
1135 1057 1167 1100 se
1191 1058 1229 1099 ex
1253 1057 1336 1101 eom·

354 1147 520 1210 mentariis
557 1146 591 1212 O.
630 1145 793 1225 Caesaris,
831 1169 965 1232 quorum
999 1151 1067 1233 ipse
1103 1155 1213 1216 auctor
1246 1157 1334 1232 erat,

354 1283 448 1345 agere
478 1262 627 1346 dicebat]
675 1265 824 1326 Calabaut
855 1268 892 1326 iu
915 1269 1067 1328 interiore
1088 1271 1219 1330 aedium
1240 1278 1335 1349 parte

353 1382 450 1441 totius
484 1384 531 1441 rei
556 1382 700 1460 publicae
722 1383 899 1442 uuudiuae.
926 1413 967 1424 -
992 1377 1114 1458 Verba,
1139 1403 1219 1465 quae
1242 1383 1333 1447 uncis

354 1492 485 1570 inclusi,
510 1494 545 1556 in
567 1494 786 1559 nesciocuius
810 1493 1016 1560 Grammatioi
1040 1497 1158 1561 scholia
1173 1499 1333 1565 reicienda

352 1611 516 1690 existima,
550 1613 602 1676 cui
635 1613 856 1695 praecedentia
890 1614 1153 1697 interpretatione
1188 1616 1332 1701 indigere

353 1726 421 1788 visa
444 1728 528 1789 sunt.
571 1724 815 1811 Interrumpunt
839 1728 925 1790 enim
948 1731 980 1792 et
1003 1729 1182 1813 impediunt
1206 1752 1332 1796 cursum

354 1839 505 1902 orationis
528 1839 711 1904 concitatae.
725 1838 896 1904 -Nesoio
918 1863 959 1906 an
983 1844 1124 1906 eiusdem
1146 1867 1258 1909 manus
1278 1846 1332 1910 ad·

353 1953 565 2019 ditamentum
598 1955 723 2039 legatur
757 1957 793 2019 in
818 1977 902 2040 seqq.
928 1957 958 2042 (ᾗ
984 1956 1054 2040 12):
1102 1962 1208 2041 Neque
1231 1965 1332 2024 solum

278 2111 281 2116 -
353 2073 592 2131 commentariis
618 2074 846 2132 commenticiis
870 2073 1147 2153 chiroqraphisque
1170 2077 1333 2138 venalibus

354 2187 599 2248 innumerabilis
619 2189 759 2265 pecuuia
781 2193 927 2265 couqesta
950 2188 1100 2248 inillam
1123 2190 1254 2250 domum
1271 2199 1332 2265 est,

354 2323 444 2378 cum,
467 2323 548 2383 quae
570 2303 723 2363 reudebat
745 2303 918 2378 Autouius,
942 2323 979 2364 ea
1003 2323 1034 2364 se
1056 2325 1096 2364 eu
1118 2309 1197 2366 actis
1222 2306 1334 2367 Caesa·

355 2419 401 2477 ris
424 2437 517 2495 opere
539 2419 667 2490 diqeret,
692 2417 746 2476 sed
768 2422 897 2476 senatus
921 2419 1020 2476 etiam
1037 2420 1180 2480 cousulta
1195 2424 1335 2498 pecum‘a

355 2539 483 2611 accepta
505 2531 591 2609 falsa
614 2531 778 2607 referebat.
826 2524 941 2590 Verbis
964 2551 1037 2591 aum
1052 2534 1226 2593 —diceret
1249 2531 1335 2595 enim

355 2643 532 2728 explicatur
554 2642 743 2727 praecedens
766 2649 1008 2722 commenticiis,
1032 2644 1164 2710 minime
1190 2668 1260 2710 vero
1280 2668 1335 2731 pe·

355 2759 467 2822 cuniae
501 2758 536 2821 in
558 2755 695 2821 Antonii
718 2757 846 2820 domum
870 2759 1050 2841 congestio,
1086 2759 1168 2842 quod
1190 2763 1334 2845 putares,

354 2876 382 2938 si
416 2897 469 2954 eo,
504 2896 564 2958 quo
599 2894 685 2937 nunc
720 2874 755 2936 in
790 2871 858 2937 edd.
884 2876 1124 2956 recepissent,
1160 2875 1268 2940 ordine
1290 2875 1336 2940 le-

352 2993 482 3075 guntur.
798 3012 811 3046 s

397 3109 436 3174 In
469 3106 589 3171 Antan.
615 3104 671 3170 VI.
700 3108 727 3168 1.
754 3110 793 3168 3:
839 3110 1001 3170 Hodierno
1025 3116 1135 3172 autem
1159 3113 1210 3172 die
1232 3117 1335 3174 ueseio

351 3251 416 3310 qua
438 3231 482 3289 eis
505 3229 622 3287 obiecta
644 3245 678 3285 re
701 3228 864 3286 remissior
880 3233 1010 3288 seuatus
1021 3230 1097 3306 fuit,
1114 3225 1334 3310 —Inoptimo

351 3341 425 3407 cod.
459 3339 540 3404 Ven.
573 3339 650 3402 haee
683 3339 729 3400 ita
764 3337 933 3422 leguntur:
979 3329 1140 3406 Hodierno
1171 3347 1238 3406 dies
1269 3367 1333 3409 uou

351 3470 396 3525 est
426 3482 516 3541 peue.
564 3459 633 3520 Scio
667 3462 778 3538 quaeis
808 3460 994 3522 obiectarem
1018 3465 1180 3540 remtsior
1203 3471 1333 3525 seuatus

242 3607 246 3612 ⁴
350 3583 433 3659 fuit,
469 3577 514 3638 ita
546 3577 654 3637 temen
688 3575 725 3635 ut
758 3595 823 3636 uou
858 3583 903 3637 est
935 3578 1124 3659 punctatum
1147 3578 1199 3640 sit.
1247 3577 1331 3652 Quae

350 3691 470 3755 Ravius
492 3691 550 3754 hoo
573 3687 664 3751 modo
688 3687 883 3752 emendanda
910 3690 1051 3753 censuit:
1086 3694 1248 3754 Hodierno
1263 3694 1330 3769 die,

347 3813 436 3889 pacis
470 3809 573 3868 uescio
607 3825 671 3884 qua
693 3805 810 3864 obiecta
834 3825 904 3884 spe,
940 3809 1102 3867 remissior
1124 3815 1213 3881 cett,
1249 3805 1331 3888 quod

349 3922 441 3985 laudo
475 3923 508 3983 et
541 3917 650 4002 probo,
685 3918 872 4002 praesertim
907 3940 1003 4002 quum
1040 3940 1146 3983 eorum
1175 3921 1329 3984 rationem

348 4036 460 4113 habea,
484 4056 563 4120 quae
587 4031 639 4098 Or.
665 4033 700 4095 in
723 4029 800 4094 Ant.
826 4030 1190 4117 VH.4.1310guneur:
1211 4040 1329 4116 postri-

348 4158 400 4215 die
413 4157 456 4216 ad
469 4175 557 4234 spem
573 4157 647 4215 estis
659 4156 791 4214 iuauem
801 4154 892 4231 pacis
906 4153 1052 4214 devoluti.
1078 4149 1208 4215 Mallem
1219 4154 1328 4215 tamen

347 4269 468 4332 Ravius
498 4268 563 4332 cod.
589 4267 779 4349 scripturam
802 4269 1328 4347 diespeuescioquaeisobiectarem-
