3190 5114
726 507 758 566 ll

253 731 342 774 coma
376 714 560 774 restituitur
594 719 652 774 aut
687 713 835 791 deficiens
865 711 938 770 hinc
969 715 1066 794 atque
1089 709 1178 771 illinc
1200 712 1236 770 iu

253 831 394 906 frontem
428 829 653 908 compellitur?
687 829 840 912 quomodo
868 830 1057 888 irascuntur
1080 829 1107 887 si
1130 833 1238 888 tonsor

250 945 349 1023 paulo
371 946 582 1025 ueplepentior
604 948 685 1023 fuit,
710 952 877 1028 tamquam
889 946 998 1004 uirum
1011 945 1179 1005 tonderet?
1195 978 1236 996 -··

253 1055 316 1122 Vel
338 1058 435 1124 semel
458 1059 535 1123 haec
558 1058 664 1142 legere
688 1058 822 1134 sufficit,
846 1059 883 1121 nt
901 1055 1071 1140 intellegas
1086 1057 1237 1121 vitiosum

254 1195 321 1238 esse
344 1175 374 1238 h.
399 1175 420 1238 l.
445 1181 562 1240 uirum.
588 1175 748 1242 Oorreotio
771 1177 878 1242 eutem
900 1173 1003 1242 facilis
1022 1180 1082 1240 cst.
1106 1173 1237 1241 Etenim

253 1290 330 1358 belli
364 1292 413 1357 illi
436 1293 620 1358 homunculi
643 1295 842 1369 irascuntur,
878 1293 906 1355 si
928 1295 1037 1356 tonsor
1060 1294 1105 1356 ita
1127 1293 1237 1377 negle-

252 1411 366 1490 genter
389 1409 489 1474 officio
513 1431 569 1473 suo
591 1411 721 1475 functus
744 1411 804 1487 sit,
829 1411 866 1472 ut
881 1409 1017 1487 diceres,
1041 1432 1113 1475 eum
1127 1413 1237 1496 opina·

252 1527 322 1588 tum
356 1546 423 1588 esse
458 1545 491 1588 se
523 1546 588 1588 non
618 1524 757 1601 homini,
793 1523 922 1587 sedavi
953 1545 1080 1608 operam
1102 1546 1236 1603 navare,
1296 1579 1298 1584 .

253 1663 355 1726 noque
379 1641 531 1725 capillum
554 1663 606 1719 se,
630 1641 686 1708 sed
709 1644 822 1708 villum
845 1639 987 1708 tondere.

267 1819 280 1847 s
296 1757 330 1822 O.
358 1760 416 1834 14,
440 1763 478 1822 4:
505 1780 602 1843 quam
625 1761 723 1822 multi
746 1762 895 1821 hesterna
918 1761 1052 1839 crapula
1075 1762 1237 1824 semisom-

252 1899 308 1940 nes
332 1885 362 1939 et
384 1889 512 1957 proces,
536 1879 601 1939 illis
624 1875 750 1939 miseris
773 1898 870 1940 suum
897 1898 1046 1940 somnum
1069 1885 1236 1957 rumpent·

253 1991 341 2069 ibus,
376 2001 413 2057 ut
447 1995 591 2056 alienum
630 2000 827 2073 euspectent‚
862 1997 918 2056 cicc
952 1994 1107 2056 adlevatis
1140 1995 1237 2056 labris

252 2113 496 2171 insusurratum
519 2112 635 2172 millies
658 2129 772 2172 nomen
805 2113 990 2172 oscitatione
1012 2111 1238 2189 superbissima

254 2222 413 2283 reddent?
438 2259 479 2268 -
502 2221 611 2286 Etiam
634 2223 665 2286 h.
690 2223 710 2286 l.
735 2243 844 2288 vocem
878 2223 958 2287 mihi
992 2221 1236 2305 deprehendisse

253 2337 361 2401 videor
387 2339 575 2404 somniantis
602 2339 726 2404 librarii
750 2340 842 2424 eulpa
864 2340 1062 2405 decurtatam
1085 2341 1118 2402 et
1140 2339 1237 2403 muti-

252 2452 326 2516 lam.
366 2452 427 2529 Qui
450 2455 537 2520 enim
559 2476 674 2538 quaeso
696 2455 766 2518 fieri
788 2458 893 2539 potest
915 2457 952 2518 ut
975 2454 1090 2538 aliquis
1104 2454 1236 2530 oscitet,

252 2573 284 2632 et
317 2573 423 2636 tamen
459 2572 513 2636 vix
547 2571 636 2636 labra
671 2572 818 2636 adlevet?
865 2569 977 2656 Apage
1012 2571 1168 2654 ineptias,
1204 2572 1237 2634 et
1266 2639 1268 2643 ,

251 2685 338 2749 ocius
361 2683 513 2763 Senecae,
537 2685 620 2768 quod
642 2707 676 2748 re
700 2707 774 2749 vera
797 2686 939 2769 scripsit,
960 2688 1120 2767 palpebris
1143 2683 1236 2747 resti·

250 2804 314 2865 tue.
361 2803 491 2866 Etenim
525 2800 678 2885 superbus
714 2804 866 2885 patronus
900 2822 941 2865 ne
978 2800 1074 2864 semel
1108 2799 1236 2884 quidem

251 2916 411 2982 misellum
431 2915 621 2980 clientulum
645 2916 785 2999 aspicere
808 2916 968 3000 dignatur.

684 3111 826 3120 ...Μ-.-

401 3261 521 3324 suma
549 3261 602 3322 ue.
625 3258 663 3322 m
687 3262 711 3321 s.
736 3260 777 3321 sc
802 3259 928 3321 acirim
952 3259 1089 3332 astera,
1212 3237 1215 3244 “

594 3356 632 3416 οε
650 3353 894 3418 consolinus.
934 3437 936 3442 Ι

297 3502 331 3567 O.
369 3505 422 3581 7‚·
438 3507 476 3568 9:
526 3509 740 3569 Transierunt
774 3509 889 3569 deiude
924 3508 1057 3587 Lipares
1079 3510 1116 3570 in
1138 3505 1234 3590 [hanc

252 3621 422 3704 insulam]‚
457 3627 659 3686 transierunt
682 3632 713 3684 et
735 3625 892 3703 Hispani,
916 3626 997 3707 quod
1020 3645 1060 3686 ecc
1083 3626 1234 3688 similitu-

252 3740 327 3798 dine
360 3740 444 3800 ritus
474 3741 627 3818 adparet:
664 3740 775 3799 eadem
798 3742 885 3800 enim
908 3746 1068 3818 tepmenta
1090 3743 1234 3820 capitum

252 3845 397 3937 idemque
425 3877 524 3937 penus
551 3857 769 3930 calciamenti,
803 3859 886 3938 quod
918 3857 1084 3918 Cantabris
1111 3865 1166 3920 est.
1191 3893 1234 3906 -ψ

252 3968 416 4033 Facillime
450 3972 581 4054 apparet
615 3975 699 4033 ritus
724 3990 833 4034 vocem
856 3970 997 4054 spuriam
1019 3990 1086 4032 esse
1110 3973 1142 4034 et
1164 3992 1234 4036 mu·

252 4084 354 4147 tilam.
401 4083 542 4170 Simplex
566 4089 673 4152 autem
695 4086 874 4154 emendatio
897 4089 954 4150 est.
998 4083 1033 4150 Si
1056 4086 1142 4152 enim
1165 4109 1234 4153 vcs-

253 4205 332 4262 titus
355 4203 542 4280 correxeris,
574 4203 635 4268 loci
658 4204 818 4270 sententia
841 4204 876 4268 in
899 4204 1061 4288 integrum
1084 4206 1235 4270 restituta

253 4315 323 4379 erit.
