3190 5114
739 473 756 544 7

268 686 457 752 consolatori
490 707 521 750 sc
545 688 712 750 Aren...
745 688 903 770 praebuit.
950 687 1037 764 Quod
1059 690 1165 756 nescio
1198 711 1240 756 on

266 801 363 865 nimis
386 801 534 867 audacior
557 805 732 868 correoinm
758 805 821 882 sii,
845 808 929 870 cerie
958 807 1143 893 ambiguum
1165 830 1239 893 quo-

262 913 426 980 dammodo
449 937 575 982 sensnm
597 918 734 1001 praebet.
770 916 880 983 Potius
903 917 1053 986 Senecam
1076 922 1238 1006 scripsisse

260 1030 508 1096 existimaverim
532 1034 688 1096 consolari
721 1055 754 1096 sc
775 1033 919 1098 Areo...
949 1035 1106 1115 praebuit.
1138 1031 1237 1102 Verbi

258 1148 410 1226 praebere
444 1169 470 1211 o.
504 1148 561 1212 ini.
586 1150 737 1233 argenteo
771 1148 943 1218 leiinitobis
964 1153 1067 1220 seinte
1090 1153 1237 1237 frequens

260 1283 335 1326 usus
358 1265 415 1327 eoi.

304 1374 337 1440 0.
363 1380 403 1458 6,
428 1383 469 1444 2:
493 1381 521 1444 si
533 1402 599 1444 sors
622 1383 747 1445 inmota
770 1391 800 1445 ct
822 1383 858 1446 in
880 1391 1048 1447 oeternum
1062 1387 1235 1466 finonfflu

258 1496 392 1560 miseria
425 1505 627 1560 mutaturos
660 1519 745 1561 rnors
768 1500 878 1562 renuit
901 1499 1048 1581 quicquid
1082 1503 1234 1580 obstulit,

258 1613 386 1676 desinat
414 1616 511 1690 dolor,
535 1614 589 1694 qui
609 1614 704 1695 perit.
729 1648 772 1660 -
794 1611 877 1678 Vide
901 1615 944 1678 sio
967 1636 1009 1678 an
1031 1635 1096 1680 non
1119 1617 1235 1680 retinet

259 1727 454 1792 emendciior
477 1731 509 1790 ei
532 1728 636 1792 senior
658 1728 753 1794 leobio
776 1729 828 1793 sit.

300 1840 334 1906 O.
360 1846 390 1921 8,
415 1847 455 1908 2:
480 1847 588 1908 Monet
609 1845 736 1927 quidcrn
758 1846 834 1920 tibi,
858 1845 1001 1922 Murcia,
1025 1845 1125 1909 etiarn
1147 1865 1235 1908 nunc

259 1957 370 2039 inqcns
393 1961 592 2025 tristitia...
616 1984 681 2024 non
704 1963 761 2026 illo
791 1963 969 2039 concitato,
993 1962 1095 2043 qualis
1118 1962 1154 2024 in
1177 1961 1235 2024 iliu

259 2075 343 2152 fnit,
378 2080 431 2138 scol
450 2079 610 2158 pertinen
638 2087 669 2141 ct
690 2081 859 2143 obstinato.
905 2075 973 2140 Iam
996 2076 1073 2140 olim
1095 2075 1232 2140 editores

258 2187 408 2252 viiiosum
442 2211 508 2253 esse
531 2191 680 2256 viderunt
714 2192 779 2254 illo.
815 2189 992 2256 Gronovius
1015 2190 1091 2254 sotis
1114 2192 1234 2254 bernero

256 2303 350 2367 initio
374 2305 481 2370 edidit.
529 2305 713 2391 Corrigerc,
736 2308 868 2391 opinor,
892 2306 1042 2371 debuerat
1073 2308 1175 2388 qualis
1198 2308 1234 2371 in

256 2422 343 2482 Iulio
365 2423 433 2500 fnit
456 2420 525 2486 coll.
550 2443 629 2505 quae
652 2423 803 2507 leguntur
826 2445 852 2486 c.
877 2426 907 2486 4.

299 2533 332 2598 O.
360 2537 420 2619 18,
445 2537 464 2601 5
489 2535 645 2622 [Offereni
679 2561 712 2602 se
735 2538 834 2604 oculis
856 2538 936 2623 iuis]
971 2540 1086 2602 adiuta
1122 2544 1234 2619 fructu

254 2673 336 2732 33933
348 2661 378 2714 ct
389 2657 519 2718 arbusto
531 2655 601 2718 sinc
612 2657 730 2718 cultore
741 2655 893 2734 feritatis.
908 2690 951 2703 -
963 2652 1064 2718 Miror
1076 2653 1241 2722 Hessium
1344 2719 1359 2734 ,

255 2767 395 2851 ineptam
428 2768 598 2833 lectionem
620 2774 733 2848 fructu
754 2752 918 2853 recepisse.
966 2768 1034 2834 Iam
1058 2771 1231 2836 editionem

255 2880 391 2948 Gronov.
415 2881 530 2946 habere
549 2881 650 2958 vide0,
672 2880 756 2965 quod
778 2883 871 2946 unice
890 2903 999 2946 verum
1013 2883 1094 2948 mihi
1107 2882 1233 2948 videtur

254 3000 350 3061 cultu.
379 2994 440 3062 Sed
462 3019 503 3060 ne
526 3000 656 3060 arbusto
678 2996 805 3080 quidem
826 2996 991 3063 ferendum
1013 3001 1098 3083 puio.
1129 2996 1231 3062 Num-

254 3134 348 3196 quam
381 3112 466 3177 enim
500 3113 570 3177 fieri
603 3115 728 3197 potesi,
762 3114 800 3177 ui
823 3136 905 3196 scqes
928 3117 961 3178 ei
990 3119 1122 3178 arbusta
1143 3118 1231 3180 recte

255 3227 338 3292 inber
372 3250 405 3292 se
441 3231 647 3312 opponaninr.
685 3227 767 3304 Quid
788 3251 823 3292 re
857 3251 931 3294 vere
965 3225 1168 3295 scribendum
1190 3232 1233 3296 sii

255 3342 344 3407 docet
365 3344 451 3408 locus
475 3345 511 3408 in
533 3343 617 3408 Diei.
645 3342 718 3421 VH,
744 3345 773 3422 9,
798 3348 839 3408 2:
864 3347 952 3410 Sicut
976 3348 1011 3409 in
1035 3369 1128 3425 orco,
1152 3353 1232 3429 quod

255 3462 350 3543 scorti
381 3464 575 3542 proscissum
598 3472 663 3540 esi,
698 3463 797 3544 aliqui
819 3467 911 3544 flores
945 3467 1231 3544 internosceretur,

254 3595 319 3636 non
353 3581 462 3636 tonrcn
484 3575 558 3638 huic
580 3578 748 3652 herbulae,
782 3578 926 3657 quurnvis
949 3581 1077 3642 delectet
1109 3583 1231 3658 oculos,

255 3696 385 3751 tontum
409 3690 511 3770 operis
531 3691 735 3771 insurnptunr
759 3700 812 3754 cst.
841 3687 970 3778 Corrige
994 3693 1094 3779 igiiur
1116 3697 1231 3760 adiuro

255 3805 343 3866 cultu
377 3825 459 3885 scqcs
493 3813 523 3867 et
545 3808 692 3868 herbuluc
725 3806 793 3868 sinc
816 3809 934 3870 cultore
970 3810 1124 3888 feritatis.
1163 3810 1230 3897 Quo

255 3917 337 3984 focio
371 3919 454 4003 quod
476 3921 511 3984 in
532 3919 644 3984 Honsii
677 3921 816 3986 editione
840 3921 983 4007 legitur,
1019 3925 1231 4011 fer[iil]itotis

253 4031 403 4100 viiiosum
425 4057 492 4099 esse
513 4035 644 4102 videbis.

299 4149 333 4214 O.
359 4153 421 4228 26,
457 4157 498 4218 4:
536 4157 619 4229 Quid
641 4154 757 4233 dicorn,
789 4157 882 4219 nullo
904 4159 954 4220 bic
978 4177 1072 4220 arma
1104 4161 1229 4236 mutuis

252 4269 362 4344 furere
383 4267 604 4334 concursibus.
619 4316 626 4330 .
641 4316 648 4336 ,
673 4269 755 4340 nibil
778 4268 815 4340 in
828 4271 964 4351 obscuro,
988 4273 1123 4356 detectus
1138 4297 1227 4356 rnen-
