3190 5114
731 523 773 584 33

266 731 408 806 invidia,
443 726 593 809 quonism
623 725 658 788 in
687 725 836 811 Encolpii
858 725 961 790 verbis
984 749 1025 790 ne
1047 727 1253 792 levissimum

265 841 392 926 quidem
427 841 566 906 invidiae
597 841 769 926 vestigium
799 843 989 926 deprehendi
1011 846 1123 927 polest.
1169 842 1242 908 Nisi

90 996 93 1001 Δ
265 957 372 1020 omnic
404 955 538 1034 fallunt,
573 955 658 1019 houd
689 956 798 1038 procul
831 979 850 1019 e
883 977 957 1020 vero
990 956 1109 1035 eberis,
1143 977 1240 1042 quum

264 1075 444 1136 inundatus
466 1077 521 1136 hoe
544 1072 718 1154 Eumolpus
741 1079 875 1137 convitio
897 1075 1121 1140 emendaveris.
1162 1079 1239 1139 Gon·

263 1193 380 1252 vitium
414 1188 500 1251 enim
533 1187 693 1252 interdum
716 1190 883 1272 urgentem
907 1191 939 1251 el
961 1191 1051 1272 qussi
1074 1189 1239 1254 clamosam

263 1301 450 1386 petitionem
483 1307 592 1382 nolet,
627 1307 664 1368 ul
685 1304 768 1387 apud
791 1302 975 1368 Ciceronem
998 1307 1032 1369 in
1054 1303 1114 1390 Ep.
1139 1307 1178 1370 od
1201 1307 1236 1383 Q.

262 1417 313 1483 Fr.
349 1417 399 1497 H,
437 1422 497 1497 11,
535 1423 571 1484 l:
618 1423 792 1503 Epistulam
815 1427 897 1484 hanc
921 1427 1057 1485 convitio
1079 1427 1238 1506 efflopitoa

163 1564 168 1572 ·
262 1545 341 1600 runt
369 1540 508 1600 codicilli
540 1543 590 1600 tui
623 1540 657 1602 el
688 1538 771 1621 spnd
801 1537 1034 1613 Quintilianum
1057 1539 1092 1602 in
1114 1539 1176 1622 Ep.
1199 1539 1239 1604 ed

262 1652 482 1736 Tryphonem:
529 1658 726 1736 Efflapitasti
747 1657 905 1718 cotidiano
927 1660 1062 1719 conuitio
1085 1664 1123 1719 ut
1145 1659 1238 1719 libros

263 1816 336 1831 ....
362 1773 429 1831 iam
452 1774 595 1832 emittere
617 1775 799 1859 inciperem.

307 1883 340 1946 Ο.
380 1886 459 1948 103:
493 1905 618 1966 ,sequar
652 1907 705 1967 epo
738 1891 860 1967 frontes
893 1897 1009 1952 notans
1032 1893 1239 1970 inscriptione

263 2003 397 2076 sollerti,
434 2007 472 2062 ut
504 2003 681 2062 videamini
715 2005 863 2081 stipmate
890 1997 960 2064 'esse
994 2003 1115 2083 puniti‘
1141 2049 1236 2066 .....

264 2119 335 2179 Non
373 2124 418 2177 est
455 2117 558 2177 dilata
596 2119 823 2195 fallacia
881 2120 1028 2198 Implevit
1064 2122 1239 2202 Eumolpus

239 2234 384 2311 ¹frontes
418 2232 586 2308 utriusque
617 2232 795 2310 inpentibus
829 2235 944 2295 litteris
967 2242 998 2297 et
1016 2244 1130 2298 notum
1153 2240 1239 2318 supi·

263 2352 403 2410 tinorum
427 2334 626 2426 epipramma
646 2367 706 2426 per
729 2355 830 2410 totam
852 2353 970 2429 faciem
992 2352 1114 2413 liberali
1136 2373 1240 2415 manu

263 2467 367 2527 iuuit.
393 2499 436 2508 —-
459 2458 665 2525 Scribendum
689 2462 836 2528 existimo
858 2486 915 2548 pro
929 2469 1088 2548 impleuit,
1112 2467 1146 2530 id
1157 2465 1239 2551 qnod

262 2580 380 2645 reclino
403 2577 530 2642 videtur
552 2581 672 2643 inlevit.
716 2611 718 2618 v

308 2696 342 2760 O.
370 2697 449 2761 118:
474 2694 637 2782 [Iuvenes]
660 2701 838 2777 forensibus
862 2706 1051 2764 ministeriis
1073 2708 1241 2766 eneraitati

264 2821 446 2896 frequenter
472 2817 514 2876 acl
537 2819 691 2877 carminis
716 2818 984 2896 tranquillitatem
1007 2824 1174 2898 tamquam
1197 2823 1240 2882 ad

263 2937 392 3010 portum
426 2930 600 3007 feliciorem
626 2933 825 3008 retuperunt.
850 2965 893 2977 -
917 2927 1181 3005 Quemadmodum
1204 2932 1240 2995 in
1273 2960 1277 2968 ¹

264 3048 407 3126 implevit
429 3064 493 3107 una
515 3041 640 3120 lilioso,
674 3043 719 3106 ila
743 3045 988 3126 inministeriis
1011 3045 1117 3130 plures
1139 3047 1240 3112 abun-

264 3156 349 3222 dant.
393 3154 464 3220 vAul
498 3155 590 3220 fallor
624 3157 725 3235 enim,
760 3161 815 3223 snt
850 3165 987 3224 miseriis
1009 3161 1168 3226 sententia
1190 3179 1239 3226 re·

264 3273 371 3358 quirit.
419 3276 568 3336 Forenses
601 3278 751 3336 miseriae
784 3277 816 3338 et
847 3279 929 3356 felin
952 3282 1106 3340 carminis
1126 3287 1239 3360 portus

263 3391 336 3473 epte
360 3388 444 3452 inter
467 3407 500 3451 se
523 3391 733 3472 opponuntur.

309 3504 342 3570 O.
378 3504 458 3568 125:
507 3508 606 3582 Quid,
641 3510 669 3568 si
701 3512 799 3570 etiam
831 3514 1049 3602 mercenarius
1078 3517 1240 3591 praesenti

264 3625 417 3703 felicitate
440 3623 541 3684 lassus
566 3625 723 3686 indicium
745 3627 788 3686 aol
811 3629 928 3688 amicos
951 3629 1101 3690 detulerit
1115 3636 1240 3692 totam·

264 3760 323 3819 que
363 3741 530 3818 fallaciam
571 3742 729 3802 invidiosa
767 3744 948 3821 proditione
988 3746 1152 3807 deterserit.
1196 3782 1238 3793 -

230 3893 232 3896 -
264 3852 394 3936 Corrige
427 3857 522 3916 lanus
556 3853 625 3917 ooll.
661 3850 734 3917 Sall.
770 3853 839 3939 Ing.
866 3857 916 3920 87.
963 3859 1123 3920 Romanos
1146 3864 1240 3923 sicuti

261 3973 441 4052 plerosque,
469 3978 588 4033 remoto
611 3979 717 4048 metu,
742 3973 849 4034 lanius
871 3975 1078 4055 licentiusque
1100 3979 1237 4055 suturas.

309 4082 343 4147 O.
370 4087 451 4149 126:
485 4089 593 4166 itaque
616 4090 759 4148 oratimie
780 4061 988 4150 blandissima
1007 4090 1122 4169 plenus
1146 4089 1237 4173 ‚ropo’

265 4207 398 4285 inquam
434 4205 601 4283 ‚numquid
632 4204 704 4279 illa,
742 4224 823 4283 quae
844 4225 895 4266 me
917 4213 1026 4282 amat,
1050 4213 1087 4268 tu
1109 4206 1172 4270 est¹
1197 4235 1239 4257 -ι

264 4317 499 4385 Absurdissime
545 4317 649 4384 oditur
693 4324 836 4383 oratione
872 4324 1079 4387 blandissima
1113 4327 1237 4406 plenus.

1083 4440 1101 4500 5
