3190 5114
612 1351 614 1358 p
711 1235 810 1333 na

315 1703 502 1765 continetur
522 1704 580 1765 hoc
600 1703 713 1778 libello,
746 1703 839 1764 lactor
860 1703 970 1776 amice,
993 1703 1253 1766 annotatiuncula-

273 1875 341 1916 rum
363 1857 482 1936 farrago
503 1857 542 1917 ad
563 1857 726 1938 scriptores
748 1856 863 1936 aliquot
883 1855 1021 1930 Latinos,
1043 1874 1172 1936 quorum
1193 1856 1252 1916 sin-

273 2011 358 2089 gulos
390 2011 470 2072 locos
494 2011 533 2071 ad
554 2010 691 2071 criticam
713 2009 861 2070 rationem
883 2008 1033 2087 corrigere
1052 2009 1177 2069 tentavi.
1218 2007 1252 2068 Si

271 2160 350 2221 forta
392 2180 483 2222 unam
522 2162 686 2222 alteramve
720 2162 861 2242 paginam
895 2162 943 2222 vel
977 2161 1087 2222 cursim
1122 2161 1251 2223 transire

271 2315 413 2394 dignatus
444 2316 518 2390 eris,
551 2335 611 2376 non
642 2316 772 2378 alienum
804 2336 870 2378 esse
901 2316 1017 2377 videbis
1049 2334 1114 2390 me,
1145 2316 1193 2376 vel
1217 2315 1249 2375 in

267 2469 581 2544 commendationem,
613 2469 660 2530 vel
691 2469 722 2529 in
755 2470 977 2530 excusationem
998 2468 1113 2550 potius,
1145 2465 1249 2548 paucis

266 2621 423 2683 consilium,
455 2640 618 2702 exponere,
651 2621 732 2700 quod
763 2622 792 2681 in
824 2621 882 2682 illis
913 2622 1088 2708 colligendis
1122 2626 1245 2682 secutus

266 2773 332 2834 sim.
376 2774 465 2835 Haud
501 2773 591 2836 dubie
622 2775 703 2834 enim
730 2775 905 2850 miraberis,
940 2793 1034 2854 quare
1055 2793 1105 2835 eos
1124 2774 1244 2855 potissi-

265 2949 349 2990 mum
382 2929 545 3010 scriptores
572 2947 591 2989 a
613 2928 850 3009 corruptelarum
872 2928 1011 2989 sordibus
1032 2927 1242 3009 purgaverim,
1294 2907 1301 2916 ’

265 3083 345 3142 circa
376 3099 451 3160 quos
483 3079 637 3158 aliquanto
668 3080 767 3142 rarius
798 3080 970 3143 criticorum
1002 3080 1104 3142 studia
1123 3099 1242 3142 versen-

264 3238 323 3292 tur.
366 3230 416 3292 sic
446 3194 571 3308 heliato,
604 3232 775 3294 studiorum
805 3252 855 3293 me
886 3252 976 3294 cursu
1002 3234 1081 3294 forte
1101 3234 1140 3294 ad
1160 3231 1243 3293 Lati-

263 3405 373 3447 narum
403 3385 563 3448 literarum
583 3392 782 3446 monumenta
803 3385 936 3447 delatum
958 3404 1036 3461 esse,
1065 3403 1142 3463 quae
1165 3383 1242 3445 Cae-

266 3537 395 3599 sarianis
430 3539 574 3600 florerent
607 3540 804 3621 temporibus.
854 3540 890 3600 In
920 3539 1038 3619 quibus
1063 3558 1158 3618 quum
1188 3539 1242 3600 ali-

263 3689 409 3768 quamdiu
440 3668 614 3766 haererem,
647 3699 766 3773 praeter
800 3698 902 3753 cetera
929 3692 1050 3753 illorum
1070 3698 1241 3773 temporum

262 3839 400 3902 homines
434 3849 466 3902 et
504 3861 568 3918 res,
607 3861 707 3904 mores
741 3849 773 3903 et
807 3839 926 3919 studia,
960 3839 1075 3904 cultum
1113 3844 1242 3923 denique

264 4009 384 4052 omnem
417 3992 585 4055 humanum
616 3992 795 4072 civilemque
825 3993 950 4075 propius
970 4013 1159 4073 cognoscere
1178 4002 1241 4057 stu-

264 4145 381 4207 debam.
424 4145 508 4217 Quae
538 4147 595 4209 etsi
626 4167 680 4230 per
711 4149 844 4210 virorum
876 4149 1033 4210 doctorum
1053 4104 1155 4211 studia
1174 4169 1241 4231 per-

260 4296 370 4358 multis
391 4297 464 4359 locis
486 4299 524 4359 ad
543 4299 693 4379 liquidum
716 4301 871 4383 explorata
890 4310 977 4379 sunt,
1008 4311 1111 4365 tamen
1132 4303 1241 4365 multo·
