3190 5114
742 521 776 563 lll

270 686 480 779 ephemerides
517 699 697 781 recipiatur,
733 704 836 759 tamen
873 698 954 758 inira
986 697 1058 761 iusti
1092 699 1251 763 uoluminis

268 851 394 913 modum
418 871 454 912 ac
475 851 635 913 circuitum
657 851 836 932 plerumque
856 857 969 911 manet.
992 849 1048 911 cui
1061 849 1251 911 incommodo

268 1005 409 1083 equidem
432 1004 477 1066 ita
498 1004 660 1065 subvenire
682 1010 809 1064 conatus
829 1024 912 1078 sum,
934 1012 970 1065 ut
983 1003 1114 1066 Senecae
1125 1005 1251 1068 comites
1323 1055 1325 1060 .

273 1158 468 1238 adiungerem
490 1159 564 1220 alios
585 1159 763 1240 scriptores,
786 1177 915 1239 quorum
930 1160 1011 1221 locos
1024 1161 1183 1255 nonnullos
1198 1159 1250 1220 ali·

268 1311 389 1392 quando
410 1312 577 1374 correxisse
596 1310 673 1371 mihi
694 1311 775 1372 visus
796 1330 901 1372 essem.

301 1463 456 1529 'Praemisi
489 1467 582 1547 igitur
612 1466 645 1526 L.
678 1464 835 1527 Annaeum
868 1464 1012 1526 Senecam
1036 1473 1082 1542 et,
1114 1465 1166 1547 qui
1187 1467 1250 1528 fere

268 1621 373 1683 eodem
400 1629 539 1701 tempore
559 1621 633 1681 vixit
655 1619 848 1701 scripsitque,
880 1620 1057 1681 Petronium
1078 1620 1247 1682 Arbitrum.
1338 1623 1340 1630 ’

270 1768 405 1840 Quorum
428 1769 554 1851 scripta,
576 1769 639 1831 sive
659 1771 698 1831 ad
719 1777 958 1849 argumentum,
978 1770 1041 1832 sive
1061 1773 1099 1833 ad
1119 1771 1248 1832 lormam

270 1922 425 2004 respicias,
458 1942 642 2004 quamquam
674 1944 798 2005 prorsus
822 1926 902 1986 inter
922 1944 954 1986 se
976 1926 1107 2008 disparia
1126 1933 1199 1988 sunt
1218 1934 1249 1988 et

266 2076 440 2152 dissimilia,
475 2078 534 2139 hcc
566 2086 670 2140 tamen
701 2099 861 2141 commune
881 2080 1024 2155 habent,¹
1045 2081 1126 2161 quod
1146 2081 1247 2144 media

268 2242 370 2296 aetate
405 2234 542 2295 omnium
573 2235 795 2297 studiosissime
825 2236 856 2295 in
887 2234 1078 2296 monasteriis
1111 2234 1248 2296 lectitata

266 2401 348 2455 sunt.
381 2391 469 2454 Alter
489 2394 568 2454 enirn
591 2410 710 2454 summa
731 2389 888 2470 diligentia
907 2395 1056 2449 tractatus
1077 2394 1125 2448 est
1144 2387 1247 2448 aviris

264 2546 376 2607 sanctis
408 2553 439 2606 et
463 2545 586 2616 severis,
619 2546 801 2623 inquorum
824 2543 933 2604 animis
954 2541 1053 2621 rigida
1073 2542 1245 2605 Stoicorum

263 2697 429 2800 sapientiae
449 2703 622 2778 praecepta,
634 2784 636 2787 Ι
646 2714 713 2755 cum
736 2693 1156 2774 Christianorumdisciplina
1169 2693 1246 2753 mul-

262 2848 302 2908 tis
334 2847 406 2907 locis
438 2845 553 2927 optime
584 2843 794 2921 congruentia,
826 2842 892 2921 pios
923 2858 1028 2901 sensus
1058 2839 1244 2915 excitabant3

263 3003 341 3062 alter
374 3018 479 3060 eorum
512 2998 704 3079 potissimum
739 2995 880 3057 manibus
913 2995 1005 3056 tritus
1037 3001 1098 3068 est,
1135 2995 1187 3075 qui
1208 2995 1246 3054 ad

264 3156 432 3234 voluptates
466 3109 691 3234 propensiorem,
725 3151 817 3232 lepidi
848 3149 971 3230 quidem
999 3155 1032 3209 et
1051 3148 1155 3223 faceti,
1189 3149 1243 3208 sed

263 3308 366 3369 lascivi
401 3309 491 3369 simul
526 3316 557 3369 et
587 3307 733 3388 impudici
764 3305 858 3367 libelli
889 3304 1015 3364 lectione
1032 3302 1244 3365 'stimulabant

261 3463 423 3524 libidinum
444 3463 586 3545 impetus.
628 3462 736 3524 Misere
760 3462 924 3523 mutilatus.
941 3467 972 3520 et
991 3460 1141 3520 laceratus
1161 3465 1243 3519 uter·

263 3631 321 3692 que
343 3632 360 3673 e
381 3613 597 3674 monachorum
619 3613 759 3674 manibus
780 3612 884 3674 evasit.
922 3611 967 3672 Ex
989 3609 1120 3671 Senecae
1140 3607 1242 3683 libris,

261 3767 319 3828 etsi
351 3768 426 3829 satis
450 3787 592 3848 magnam
613 3778 731 3849 partem
753 3769 869 3831 mancis
889 3775 921 3829 et
941 3765 1124 3840 decurtatiS,
1145 3763 1240 3843 aliqui

259 3921 365 3982 saltem
398 3923 510 4002 integri
542 3931 733 3999 manserunt,
766 3929 798 3983 at
828 3921 1004 3984 Petroniani
1037 3921 1137 4003 operis
1162 3918 1242 3998 frag-

259 4081 362 4133 menta
392 4075 607 4137 tantummodo
629 4084 661 4137 et
682 4084 824 4157 excerpta
844 4083 978 4138 aetatem
999 4076 1153 4151 tulerunt,
1175 4082 1238 4136 tarn
1301 4131 1304 4140 i

259 4225 370 4286 misere
391 4229 515 4290 turbata
534 4236 567 4290 et
588 4229 765 4311 depravata,
798 4237 849 4305 ut,
870 4229 1021 4310 quomodo
1042 4228 1113 4290 olim
1134 4228 1239 4290 cohac

257 4378 366 4456 serint,
399 4398 618 4463 saepenumero
638 4384 689 4445 vix
710 4383 931 4465 deprehendas,
967 4383 1005 4445 de
1031 4389 1115 4446 recta
1134 4388 1237 4444 autern
