3190 5114
848 545 891 608 84

375 747 477 806 menti
508 747 653 826 inopiam
675 750 883 809 metuendam
905 769 940 809 eo
963 751 1022 810 loci
1043 749 1246 810 monentibus
1268 747 1354 808 indi·
1558 712 1559 774 i

376 862 474 921 rabat.
526 859 656 924 Etenim
690 859 812 945 legerat
846 861 915 925 sine
951 861 1046 925 dubio
1068 860 1151 944 apud
1174 859 1355 924 Caesarem:
1395 917 1397 922 .

376 977 578 1054 spatiumque
620 978 890 1056 interponendum
928 980 971 1038 dd
1006 979 1193 1039 recreandos
1229 978 1354 1036 animos

373 1089 509 1166 putabat
543 1093 573 1148 et
607 1095 657 1152 tte
684 1096 782 1152 roera
808 1098 1059 1154 manentium
1096 1097 1273 1165 inoptam
1307 1090 1354 1150 rei

374 1206 615 1283 frumentariae
636 1205 776 1265 timebat.

320 1371 322 1380 Α
418 1315 540 1378 Eadem
572 1316 693 1380 ratione
723 1317 841 1402 corrigi
863 1320 967 1401 potest
989 1317 1075 1382 locus
1100 1318 1135 1381 iu
1157 1317 1238 1381 libro
1260 1316 1294 1381 H
1317 1318 1355 1382 de

273 1501 276 1507 ,
375 1430 464 1495 Bello
498 1430 639 1509 Gallice,
675 1435 712 1510 6,
744 1435 781 1495 2:
832 1435 890 1497 Ubi
921 1438 1124 1497 circumiecto
1148 1436 1357 1498 midtitndine

375 1551 544 1611 hominnm
570 1553 643 1611 totis
667 1551 830 1611 moenibus
852 1551 995 1629 nndiqne
1017 1553 1054 1611 in
1078 1570 1212 1612 mnrnrn
1235 1551 1357 1629 lapides

376 1669 439 1728 iaci
470 1669 570 1745 coepti
593 1672 670 1728 snnt
692 1687 866 1749 murusque
889 1668 1107 1746 defensoribus
1130 1669 1272 1728 nndatns
1295 1673 1357 1743 est,

377 1783 538 1843 testudine
572 1784 661 1860 foeta
692 1791 803 1862 portos
834 1785 1006 1845 sneeednnt
1030 1803 1223 1866 mnrumqne
1245 1783 1358 1844 sidro-

377 1904 447 1959 nnt.
464 1933 506 1943 —
522 1895 603 1972 Quia
626 1896 744 1960 milites
766 1895 927 1960 testudine
952 1897 1036 1959 fecte
1059 1916 1124 1959 non
1147 1894 1228 1959 soles
1251 1896 1357 1979 portes

377 2010 431 2075 sed
454 2033 581 2074 murum
603 2014 708 2076 totum
730 2012 916 2076 successisse
938 2012 1022 2075 ratio
1044 2011 1175 2087 doceat,
1210 2009 1357 2074 nonnulli

377 2124 530 2200 editores,
562 2125 648 2189 inter
670 2146 747 2209 quos
769 2125 950 2203 Krenerur,
971 2133 1083 2207 portos
1105 2125 1197 2188 uncis
1221 2109 1358 2188 incluse-

376 2243 462 2305 runt.
510 2239 556 2304 As
588 2239 737 2306 Petrercc
771 2241 849 2306 duce
884 2241 961 2304 setis
996 2245 1068 2305 tuto
1102 2262 1158 2326 pro
1187 2246 1358 2305 sneeednnt

378 2357 535 2440 corrigere
558 2359 647 2441 potes
671 2359 856 2420 incendunt.
896 2353 991 2439 Apud
1016 2376 1089 2419 eum
1112 2354 1199 2418 enim
1222 2353 1357 2438 legitur:

377 2477 513 2558 deniqne
535 2477 604 2535 iani
626 2493 761 2534 mnenon
784 2475 887 2548 dirui,
911 2476 980 2533 iani
1000 2480 1111 2552 portas
1134 2472 1263 2532 incendi
1282 2471 1356 2533 cett.

421 2587 470 2650 Dc
504 2587 587 2651 bello
622 2584 744 2651 Gallico
774 2585 808 2664 I,
845 2589 904 2665 33,
941 2589 977 2649 1:
1023 2588 1082 2648 His
1112 2589 1203 2650 rebns
1226 2589 1358 2668 coqnitis

380 2707 496 2770 Caesar
533 2707 699 2769 Gallonius
733 2710 859 2768 animos
893 2707 993 2767 verbis
1016 2706 1218 2784 confirmavit
1237 2705 1360 2784 pollici-

378 2828 491 2904 tusque
525 2828 571 2883 est
604 2822 663 2883 sibi
697 2842 769 2883 earn
791 2841 860 2882 rent
884 2839 980 2882 eneae
1002 2821 1171 2897 futuram:
1205 2840 1359 2898 maqncrn

378 2956 410 2997 se
443 2936 558 2997 habere
591 2956 695 3016 spem,
731 2942 761 2996 et
783 2936 931 3014 beneficio
955 2953 1011 2994 sno
1036 2942 1067 2993 et
1089 2935 1279 2994 anctoritate
1301 2934 1360 2993 od

378 3053 512 3128 ductnni
534 3053 731 3115 Ariovistum
754 3054 852 3132 finem
876 3053 1008 3113 iniuriis
1020 3052 1197 3128 fcetnrnni.
1213 3043 1361 3111 —Anti-

378 3165 486 3248 quitus
510 3165 664 3248 scriptum
688 3186 754 3229 erse
778 3164 905 3229 videtur
928 3173 958 3228 et
981 3167 1126 3246 beneficio
1144 3186 1200 3228 sno
1213 3171 1243 3228 et
1254 3171 1361 3228 aneto·

379 3283 477 3342 ritote
510 3282 545 3343 P.
580 3283 619 3343 R.
653 3278 722 3343 coll.
758 3279 866 3357 Celso,
909 3279 960 3343 vel
998 3280 1026 3342 si
1059 3280 1160 3344 mavis
1175 3255 1177 3260 ¹
1195 3277 1360 3342 Petreroc:

380 3405 410 3459 et
433 3417 575 3477 sperare,
605 3398 802 3460 Ariovistum
825 3399 899 3459 hinc
922 3399 1062 3460 Romani
1083 3401 1225 3459 nominis
1246 3399 1362 3459 maies-

381 3521 463 3590 tate,
493 3518 568 3576 hine
597 3517 735 3595 privatis
758 3517 825 3576 onis
847 3516 883 3574 in
906 3534 980 3575 enni
1003 3515 1127 3575 meritis
1151 3524 1260 3593 sponte
1281 3520 1362 3576 teni-

378 3634 572 3708 peratnrnni
595 3629 634 3690 ab
656 3631 799 3691 iniuriis.
830 3625 870 3691 Iu
893 3623 1015 3690 Graeca
1030 3625 1216 3709 paraphrei
1228 3624 1362 3710 legitur:

381 3740 528 3821 μεγάλας
558 3739 621 3818 γὰρ
652 3737 781 3821 ἐλπίδας
807 3737 885 3821 ἒχειν
904 3735 956 3801 τὸν
984 3737 1170 3814 Ἀριόβιστον
1192 3734 1296 3796 πολλὰ
1316 3737 1361 3816 ὑφ’

382 3847 491 3908 αὐτοῦ
511 3871 549 3910 σε
570 3848 625 3910 καὶ
646 3855 714 3909 τῶν
734 3847 909 3924 ιΡωμαίων
933 3846 1174 3925 εὐεργετηθέντα,
1190 3844 1364 3906 παύσεσθαι

381 3961 440 4032 τῆς
461 3952 586 4035 ὕβρεως.
