3190 5114
868 521 909 586 56

395 731 432 787 ui
464 725 588 806 probris
618 731 735 788 adium
756 731 859 807 moqia
882 746 978 808 quom
1001 729 1031 788 ei
1053 727 1115 789 loco
1138 746 1212 788 eorm
1234 729 1374 791 crederes

394 843 437 903 od
468 861 559 922 quem
590 844 726 920 fortrmo
754 846 908 922 procerit.
936 879 975 890 -
999 837 1142 904 Primum
1165 840 1273 924 inepta
1296 841 1326 904 h.
1351 841 1372 904 l.

394 950 488 1020 verba
522 955 671 1020 videnlur
705 978 822 1039 aquom
856 963 958 1039 ocosit.
1006 955 1131 1040 Aquam
1155 977 1264 1042 gerere
1287 957 1375 1022 enim

393 1095 449 1158 pro
471 1095 585 1157 aquam
606 1075 731 1158 potiare
753 1095 831 1137 num
853 1074 930 1137 ferri
952 1074 1076 1157 possint
1098 1071 1217 1136 dubito.
1251 1071 1374 1138 Deinde

392 1212 466 1255 vero
488 1190 565 1274 quid
586 1191 737 1256 iaciemus
760 1191 881 1270 verbis,
915 1213 994 1276 quae
1018 1195 1206 1276 sequuntur:
1230 1201 1268 1254 ut
1290 1195 1375 1254 icoo-

392 1331 474 1372 mim
507 1314 679 1374 minister?
724 1307 803 1373 Oum
837 1308 1097 1394 praecedentibus
1133 1309 1296 1374 cohaerere
1319 1329 1374 1372 ne-

392 1428 530 1509 queunt,
565 1427 629 1491 nisi
662 1426 743 1490 forie
777 1447 892 1509 aquam
914 1426 1039 1509 portare
1061 1425 1211 1489 lenonum
1233 1423 1374 1488 minieiri

393 1542 554 1626 proprium
588 1541 685 1605 luisse
718 1545 875 1625 putemus.
922 1538 1033 1625 Neque
1051 1551 1054 1558 '
1069 1561 1142 1604 cum
1170 1538 1373 1623 sequeniibus

393 1660 545 1745 coniungi
591 1661 723 1743 posenni
760 1659 799 1723 ob
844 1659 1077 1724 nominativum
1116 1680 1233 1723 casum.
1292 1656 1373 1733 Quid

393 1776 517 1861 igilur?
563 1772 637 1838 Nisi
664 1773 756 1838 fallor
779 1773 886 1838 omnia
908 1795 984 1839 sana
1009 1777 1119 1852 crurib,
1151 1774 1179 1836 ei
1202 1773 1373 1837 correxeris

393 1914 489 1974 oeque
519 1915 551 1956 88
572 1897 666 1975 yconii
689 1901 725 1954 ut
748 1894 900 1954 icaunam
922 1896 1080 1956 minister.
1126 1894 1293 1972 Aeque...
1318 1897 1374 1968 ut,

393 2009 476 2094 quod
508 2009 590 2093 apud
623 2009 759 2093 optimos
793 2009 961 2091 scripiores
992 2028 1056 2072 non
1088 2008 1267 2086 invenitur,
1302 2009 1389 2100 posi·

392 2120 535 2188 Plinium
557 2123 623 2187 fere
646 2122 685 2187 ab
709 2122 854 2187 omnibus
878 2127 1065 2207 usurpabum
1087 2125 1143 2187 esi.

437 2238 471 2304 O.
496 2242 533 2319 9,
560 2243 596 2304 1:
620 2243 807 2318 Simulavit,
833 2262 864 2302 88
886 2249 917 2302 et
939 2245 975 2302 irc
997 2243 1144 2320 Africam
1167 2231 1313 2316 iterum,
1337 2248 1374 2301 ut

393 2366 559 2438 sumptum
589 2361 799 2420 itinerarium
822 2361 973 2436 coiceret,
1006 2366 1036 2419 et
1059 2361 1160 2437 ereqit
1182 2377 1315 2437 eumque
1337 2361 1374 2418 irc

392 2478 537 2538 coavivio
570 2483 600 2537 et
633 2475 737 2535 aleam
771 2477 931 2534 convertit.
964 2508 1004 2519 —
1029 2471 1213 2558 Legendum
1248 2472 1374 2536 videtur

393 2592 512 2652 boiaco.
560 2585 764 2652 Commodum
797 2587 883 2650 enim
907 2586 1077 2651 aleatorem
1099 2587 1196 2651 fuisse
1218 2603 1392 2671 nusquam·

392 2703 560 2768 memoriae
581 2704 735 2767 traditum
757 2705 814 2767 esi.
863 2699 924 2767 sed
947 2703 974 2765 si
997 2702 1069 2786 quie
1092 2702 1173 2766 alius
1188 2702 1372 2767 balneorum

393 2819 537 2885 luxuriae
560 2819 710 2896 induleib3
735 2820 773 2885 cf.
800 2821 836 2899 5,
861 2823 899 2896 43
927 2821 984 2897 11,
1010 2820 1039 2884 5.

437 2936 512 3000 Εοᾶ.
538 2957 604 3020 cap.
623 2940 661 3000 3:
686 2939 801 3000 multos
811 2945 981 3018 praetereo
990 2946 1166 3018 paraverat
1177 2941 1372 3014 interimere,

393 3055 475 3133 quod
505 3073 565 3132 per
585 3054 755 3133 parvolum
778 3055 938 3131 quendam
959 3055 1126 3133 proditum
1149 3059 1211 3129 est,
1247 3056 1301 3133 qui
1324 3061 1373 3114 to

393 3171 502 3231 bidom
526 3191 542 3231 8
565 3170 705 3231 cubiculo
729 3172 837 3244 eiecit,
871 3172 907 3229 iri
929 3189 992 3248 quo
1016 3172 1257 3232 occidendorum
1280 3176 1374 3232 erant

393 3286 528 3345 aomina
550 3285 679 3363 scripto.
704 3318 748 3330 -
772 3277 884 3344 Malim
907 3285 1072 3345 servolum.

798 3583 964 3591 n———n—

668 3783 731 3847 llllll
754 3783 924 3847 ΕΑΡΙῘΟΗΝΙ
947 3780 1102 3846 ΡΕΒῘΙΝΑΧ.

438 3993 471 4059 O.
509 3998 546 4074 8,
582 4001 603 4061 4
637 3997 722 4061 inber
756 4017 806 4059 rea
840 3994 1018 4072 Commodi,
1053 4016 1187 4079 quarum
1220 3998 1324 4061 auoiio
1354 4021 1372 4060 a

393 4109 560 4178 Periinace
583 4113 691 4178 habita
714 4118 778 4194 eei,
807 4117 1032 4179 enumeranbur
1054 4136 1197 4180 maceras
1220 4120 1372 4180 Hercula-

393 4251 470 4294 neas
493 4240 523 4293 et
546 4239 668 4311 torques
690 4234 898 4313 qlodiotorios
921 4253 1057 4312 vasaque
1079 4235 1162 4295 circio
1185 4253 1265 4295 auro
1285 4236 1372 4296 ebore

393 4353 524 4430 oryeaio
546 4351 683 4428 citroque
705 4352 886 4428 composito.
909 4383 952 4398 -
975 4350 1105 4420 Auram
1125 4351 1248 4412 elutum
1271 4347 1371 4433 signi·

1547 4835 1555 5112 l
