3190 5114
729 492 747 552 9

249 700 349 762 tutem
383 699 568 775 accesserit,
604 696 697 762 facile
731 693 842 781 opinor
865 698 986 763 videbit
1008 703 1231 782 munificentia

249 815 471 901 corrigendum
493 836 569 880 esse.

643 1023 838 1031 .——-.-——-—

380 1176 499 1239 sums.
517 1177 571 1238 ilB.
589 1175 619 1238 ΙΧ
635 1179 660 1237 8.
678 1174 717 1237 DE
734 1174 995 1250 intromissis
1011 1179 1101 1240 ΛΝΙΜΙ.

294 1394 327 1458 O.
353 1398 390 1471 2,
418 1395 453 1457 l:
481 1396 603 1468 Quaero
627 1395 818 1456 mehercules
841 1399 909 1457 iam
932 1398 1072 1472 dudum,
1097 1397 1229 1473 Serene,

249 1519 315 1594 ipse
338 1517 455 1574 tacitus
473 1515 526 1573 cui
546 1513 644 1573 talem
659 1513 811 1590 affectum
828 1516 933 1573 auimi
949 1516 1086 1575 similem
1098 1521 1228 1593 putem:

248 1654 304 1694 uec
337 1633 397 1694 ulli
427 1634 561 1710 propius
595 1632 793 1690 admoverim
828 1632 969 1709 cuemplo
999 1651 1098 1710 quam
1121 1651 1231 1692 corum

248 1743 303 1828 qui
337 1767 376 1807 esc
409 1746 501 1824 lauqa
536 1751 565 1804 et
599 1748 691 1824 qravi
723 1746 902 1806 ualitudine
924 1748 1067 1825 expliciti
1089 1746 1230 1808 matiuu-

248 1865 326 1924 culis
357 1863 534 1941 levibusque
569 1863 700 1921 iuterim
735 1864 864 1941 cffeusis
892 1851 1161 1943 perstriuquutur
1184 1871 1230 1939 et,

249 2001 321 2041 cum
356 1980 506 2058 reliquias
541 1980 740 2057 effuqeruut,
776 1982 1007 2058 suspicionibus
1041 1989 1151 2043 tamen
1182 1985 1231 2043 iu-

248 2099 436 2176 quietautur
458 2098 649 2174 medicisque
672 2098 739 2155 iam
759 2099 831 2157 saui
843 2117 980 2158 marium
988 2096 1170 2178 parriquut.
1189 2134 1228 2146 -

251 2213 413 2291 Reliquias
448 2208 635 2272 valitudinis
658 2209 797 2292 effugere
820 2231 897 2272 num
921 2212 1006 2273 recte
1029 2209 1143 2275 Latine
1167 2210 1231 2274 dici

248 2327 349 2411 possit
385 2345 450 2388 non
484 2325 561 2387 satis
595 2326 677 2401 sci03
713 2324 822 2388 dubito
856 2327 992 2389 tuntum.
1050 2323 1110 2389 Sed
1148 2324 1231 2389 haud

249 2443 433 2507 dubitanter
465 2442 687 2506 affirmaverim
716 2464 804 2521 eum,
838 2444 894 2527 qui
916 2443 1122 2508 motiunculis
1151 2444 1231 2508 levi-

250 2560 370 2642 busque
395 2559 521 2623 offcnsis
545 2559 676 2623 interim
697 2559 949 2643 perstringatur,
983 2559 1124 2623 nondum
1146 2560 1231 2624 vale-

249 2675 371 2740 tudinis
394 2674 538 2759 reliquiis
572 2675 742 2739 liberatum
768 2697 844 2738 esse.
891 2675 923 2738 Is
946 2697 1020 2740 vero
1042 2696 1231 2760 quamquam
1333 2724 1340 2740 .

250 2812 314 2855 non
349 2790 519 2874 pristinam
554 2789 725 2852 sanitatem
758 2792 903 2872 receptus
934 2792 998 2867 est,
1031 2791 1139 2865 tamen
1167 2810 1233 2854 non

250 2904 385 2990 emplius
424 2906 509 2969 vitae
546 2905 649 2968 timet.
708 2904 793 2980 Quae
829 2927 927 2988 quum
965 2905 1009 2968 itu
1047 2906 1130 2982 sint‚'
1167 2926 1231 2970 non

250 3016 482 3095 RELIQVIAS
521 3021 684 3097 nastrum,
722 3019 775 3082 sed
813 3017 1031 3084 PERIOVLA
1068 3020 1231 3104 scripsisse

186 3127 196 3155 ⁸
250 3139 400 3222 suspicor.
1141 3179 1143 3184 ,

293 3252 326 3316 O.
355 3253 412 3331 10,
436 3257 473 3316 4:
520 3256 664 3334 Eaiquae
698 3274 790 3334 saepe
824 3275 919 3316 areae
952 3261 987 3318 iu
1016 3260 1131 3319 multas
1153 3279 1231 3321 usus

248 3374 451 3432 describentis
485 3377 555 3431 arte
585 3377 766 3450 patueruut
806 3378 837 3432 et
874 3377 1019 3450 quamvis
1037 3427 1039 3433 .
1056 3384 1231 3455 auqustum

246 3491 361 3569 pedem
384 3491 547 3568 dispositio
571 3492 647 3566 fecit
670 3490 881 3550 habitabilem.
898 3525 941 3536 -
958 3492 1075 3553 Pedem
1090 3492 1145 3575 qui
1163 3492 1193 3555 h.
1207 3492 1228 3557 l.

249 3604 396 3681 tuentur,
425 3602 535 3686 pedem
559 3622 648 3664 sreue
672 3601 917 3687 intelligendum
940 3627 1006 3670 esse
1023 3582 1228 3672 contendunt.

250 3724 367 3784 Pedem
389 3741 463 3783 vero
486 3718 647 3812 translate!
663 3717 728 3781 dici
750 3740 840 3802 posse
858 3741 914 3803 pro
929 3724 997 3786 arto
1011 3723 1117 3806 aliquo
1129 3725 1231 3809 spatio

248 3837 380 3901 minime
419 3837 527 3913 cred03
566 3836 594 3898 si
621 3838 728 3900 autem
750 3839 871 3920 potest,
906 3849 1080 3920 auqustum
1103 3862 1230 3925 prorsus

249 3953 368 4017 insulse
399 3953 437 4016 ud
456 3958 571 4035 pedem
594 3951 737 4015 additum
760 3951 895 4016 videtur.
930 3951 987 4016 'Ni
1009 3955 1100 4019 fallor
1123 3956 1228 4040 legere

249 4073 388 4152 praestat
411 4073 556 4152 quamuis
579 4080 752 4152 auqustam
775 4075 887 4134 sedem.
