3190 5114
801 487 841 550 20

331 698 396 757 situ
429 697 576 768 emissus,
610 713 733 774 purum
756 697 841 754 bunc
864 694 1085 777 liquidumque
1107 690 1249 752 maculat
1273 709 1310 750 ac

328 813 459 891 polluit,
490 828 547 892 per
569 812 794 892 insuetumque
817 809 1004 870 ducentibus
1027 809 1180 885 spiritum
1203 806 1311 882 adfert

332 947 414 989 uooa
444 946 561 1008 qenera
586 926 775 987 morborum.
822 919 1028 986 Illnsbrsntur
1049 920 1127 985 haec
1150 921 1208 998 iis,
1232 941 1312 1003 quoe

332 1043 483 1129 leguntur
517 1061 543 1104 c.
580 1041 639 1118 28,
675 1042 715 1102 2:
751 1037 828 1124 [Hic
863 1037 1008 1122 spiritus]
1042 1039 1096 1100 ubi
1126 1057 1185 1117 per
1208 1038 1312 1099 secula
1399 1044 1401 1052 ’

332 1161 478 1221 cauditus
511 1157 647 1219 tenebris
681 1177 719 1218 ac
753 1158 888 1218 tristitia
910 1157 970 1216 loci
999 1155 1097 1215 crevit
1120 1155 1312 1226 iustitium,

332 1279 403 1356 ipsa
438 1277 629 1355 inaravescit
652 1293 761 1349 mora,
791 1276 884 1352 peior
907 1292 967 1358 quo
991 1274 1124 1351 sequior.
1150 1290 1224 1332 cum
1248 1271 1315 1332 eooi-

333 1397 404 1450 tum
437 1397 552 1452 nactus
586 1396 648 1465 est,
688 1395 858 1450 aeteruum
897 1389 978 1448 illud
1012 1387 1152 1448 umbrosi
1186 1388 1318 1466 friqoris

334 1507 458 1568 malum
483 1513 513 1568 et
536 1509 679 1584 inferam
702 1513 825 1568 noctem
848 1506 944 1566 volvit
966 1523 1004 1565 ac
1028 1505 1165 1583 reqionis
1188 1508 1318 1563 nostrae

334 1643 412 1684 aera
426 1685 431 1694 ,
445 1626 608 1701 infuscat.
623 1668 653 1683 ..
704 1623 791 1684 Tunc
825 1625 924 1683 etiam
959 1621 1012 1681 ille
1047 1623 1180 1700 spiritus
1201 1622 1317 1699 purior

335 1744 453 1802 transit
476 1744 511 1801 in
534 1760 671 1802 nonam:
696 1719 783 1800 ²'inde
806 1740 929 1800 subitae
951 1739 1181 1832 continuaeque
1204 1742 1316 1796 mortes

336 1863 366 1916 et
397 1861 576 1916 monstrosa
610 1872 727 1933 qenera
761 1853 944 1915 morborum
978 1859 1015 1912 nt
1050 1872 1089 1912 esc
1123 1853 1213 1911 novis
1247 1856 1319 1910 orta

335 1975 449 2033 causis.

380 2084 459 2164 VH,
486 2085 541 2162 17,
567 2086 601 2147 1:
635 2087 820 2165 Apollonius
844 2087 1037 2165 Myndius..
1063 2088 1130 2146 ait.
1146 2111 1160 2145 .·
1178 2092 1317 2148 cometen

333 2186 402 2267 nori
434 2225 538 2266 unum
573 2225 612 2265 en
646 2205 757 2264 multis
791 2206 936 2264 erraticis
971 2203 1074 2280 effici,
1110 2203 1164 2264 sed
1199 2184 1315 2263 multos

333 2330 468 2384 cometas
506 2324 656 2382 erraticos
690 2341 763 2382 esse.
820 2321 891 2381 Non
929 2326 990 2395 est,
1034 2321 1156 2398 iuquit,
1201 2321 1315 2397 species

332 2443 419 2519 falsa
447 2462 504 2502 uec
526 2442 670 2500 duarum
694 2440 861 2500 stellarum
887 2440 1023 2517 confinio
1047 2443 1131 2519 lauis
1154 2444 1313 2511 extentus,

332 2559 386 2618 sed
417 2559 588 2636 proprium
612 2559 699 2617 sidus
723 2561 854 2616 cometes
878 2561 923 2614 est
947 2557 1029 2616 sicut
1052 2557 1124 2617 solis
1147 2577 1184 2617 ac
1206 2557 1311 2615 lunae.

336 2675 420 2735 Talis
443 2676 490 2736 illi
513 2677 621 2753 forma
644 2679 706 2747 est,
729 2674 853 2733 nonin
877 2673 1054 2732 rotundum
1073 2675 1236 2747 restricta,
1261 2671 1314 2731 sed

328 2794 489 2870 procerior
512 2793 600 2851 etin
623 2792 752 2869 louqum
773 2793 942 2868 producta.
969 2823 1010 2834 -
1034 2784 1191 2851 Nonnulli
1214 2785 1313 2849 odito-

330 2925 380 2968 res
404 2909 608 2970 correxerunt
630 2909 713 2969 nibil
736 2909 784 2969 illi
807 2909 915 2985 forma
939 2915 1000 2984 est,·
1024 2926 1086 2988 quo
1110 2906 1177 2968 iure
1195 2904 1310 2968 nescio.

331 3018 413 3083 Mihi
446 3020 541 3106 longo
574 3025 734 3104 praestare
769 3020 913 3085 videtur:
959 3026 1000 3086 At
1034 3026 1100 3085 ulia
1135 3026 1183 3086 illi
1205 3026 1313 3102 forma

331 3144 376 3198 est
399 3135 420 3198 i.
445 3157 471 3198 e.
497 3139 591 3220 atque
615 3136 690 3200 solis
713 3139 746 3200 el
768 3136 862 3200 lunae
887 3135 991 3200 sideri.

375 3250 409 3314 Ο.
435 3252 494 3330 27,
520 3255 556 3315 1:
601 3255 718 3316 Distu
741 3257 842 3316 mibi.
859 3302 865 3316 .
881 3302 912 3332 .,
937 3275 1038 3338 quare
1060 3258 1140 3317 luna
1162 3257 1313 3318 dissimil-

330 3371 446 3432 limum
470 3372 527 3432 soli
550 3372 660 3433 lumen
684 3374 840 3451 occipiat,
876 3393 949 3434 cum
973 3375 1153 3452 accipiat-a
1175 3374 1244 3435 sole.
1270 3407 1314 3419 -
1411 3449 1414 3456 1

330 3482 423 3548 Prius
446 3491 585 3567 accipiat
600 3487 750 3551 vitiosum
763 3488 825 3563 esl3
849 3487 1009 3551 sententis
1021 3490 1165 3551 erchibeat
1176 3487 1311 3572 flagitat.

374 3599 452 3664 nod.
490 3622 556 3685 asp.
593 3604 631 3666 6:
680 3605 822 3666 Cametas
857 3602 1000 3687 [natura]
1033 3623 1099 3665 nou
1131 3607 1313 3684 frequenter

330 3721 483 3797 ostendit,
516 3722 673 3814 adtribuit
695 3723 759 3783 illis
782 3723 886 3783 alium
909 3723 1030 3796 locum,
1062 3724 1129 3782 alia
1152 3729 1312 3802 tempora,

329 3841 499 3902 dissimiles
522 3843 632 3902 ceteris
654 3848 778 3902 motus:
803 3842 902 3902 coluit
927 3847 956 3900 et
980 3842 1029 3900 bis
1052 3842 1313 3917 moqnitudinem

330 3959 432 4034 operis
456 3957 640 4031 saltatore,
666 3976 803 4041 quorum
826 3957 997 4033 formosior
1019 3956 1118 4031 facies
1133 3960 1191 4028 est,
1216 3975 1312 4037 quam

329 4078 366 4132 ut
399 4074 572 4152 fortuitam
603 4080 706 4155 putes.
732 4068 859 4132 -Pro
893 4073 992 4133 colere
1020 4067 1226 4132 scribendum
1245 4089 1312 4134 esse

329 4188 420 4248 edere
442 4185 526 4250 haud
548 4186 732 4251 dubitanter
755 4184 910 4248 offirmare
934 4183 1044 4248 ausim.

372 4299 451 4366 Ibid.
478 4302 539 4379 30,
564 4304 600 4366 2:
647 4304 709 4365 Nec
732 4305 890 4364 miremur
913 4309 981 4365 tam
1004 4303 1096 4365 tarde
1119 4305 1208 4379 erui,
1232 4323 1311 4383 quae
