3190 5114
844 499 885 560 66

374 711 518 770 conuiuia
539 726 605 769 non
627 711 692 770 nisi
717 707 943 786 Cleopatranis.
969 741 1009 752 -
1034 701 1197 789 Scriptura
1220 707 1262 767 od
1281 725 1352 796 eon·

374 827 460 886 vivia
483 845 547 886 non
570 827 634 886 nisi
656 820 768 888 Petere
790 821 931 885 debetur.
965 821 1093 888 Codices
1117 821 1160 888 M.
1177 821 1207 890 S.
1228 823 1354 887 variant

375 938 459 1002 inter
482 943 759 1003 conuiuineirnusa
781 940 814 1002 et
836 944 1130 1004 conuiuiuieiniusa
1153 942 1186 1003 el
1208 945 1353 1004 conuiui-

375 1059 485 1120 cimus.
532 1053 616 1120 Satis
649 1056 851 1140 perspicuum
885 1057 1011 1125 videtur
1033 1058 1069 1121 in
1090 1058 1140 1123 his
1163 1057 1245 1122 nihil
1268 1057 1353 1123 uliud

375 1169 473 1235 lutere
507 1172 571 1236 nisi
604 1195 676 1237 ourn
710 1146 891 1238 unionibus.
938 1171 985 1237 Of.
1021 1173 1094 1258 Tyr.
1115 1173 1194 1259 trip.
1221 1175 1279 1253 32,
1315 1176 1352 1239 6:

376 1289 451 1351 haee
473 1293 607 1353 uniones
632 1291 855 1372 Cleopatranos
879 1293 1023 1356 habuisse
1044 1293 1236 1374 perhibetur.

650 1687 738 1751 statu
756 1689 873 1752 vousct
891 1689 1081 1778 insulatus.

421 1864 455 1929 O.
481 1870 518 1945 3,
543 1869 576 1930 2:
612 1869 651 1930 Et
674 1849 777 1932 elenit
800 1872 941 1950 quidun,
964 1879 1001 1934 ut
1024 1869 1068 1933 de
1085 1891 1195 1933 eorum
1210 1876 1355 1934 virorum

225 1963 233 1990 ’
292 2051 297 2066 ,
376 1986 510 2064 penitali
543 1987 605 2047 solo
638 1989 818 2061 nesciatur,
851 1990 906 2066 qui
939 1987 1109 2048 humiliore
1143 1987 1205 2048 loeo
1241 1996 1271 2049 et
1293 1991 1356 2067 ipsi

375 2101 564 2181 plerumque
586 2101 687 2164 solurn
710 2102 848 2182 penitale
870 2103 1072 2181 eonfinpunt,
1098 2108 1136 2162 ut
1158 2091 1234 2164 dent
1253 2110 1356 2182 poste·

379 2221 471 2279 rituti
503 2220 542 2280 de
564 2220 703 2281 locorurn
726 2220 891 2299 splendore
912 2221 1078 2300 sulporem.
1103 2255 1146 2266 —
1169 2215 1274 2281 Huius
1296 2216 1357 2281 looi

380 2353 490 2395 sensus
524 2354 588 2397 uon
611 2332 758 2418 intellegi
781 2333 860 2396 mihi
883 2355 972 2415 posse
996 2334 1138 2410 videtur,
1172 2333 1236 2397 nisi
1259 2336 1358 2414 elapsi

380 2469 437 2532 pro
471 2458 500 2512 et
523 2454 586 2532 ipsi
608 2450 803 2513 restituatur.
850 2449 944 2512 Elubi
967 2450 996 2513 h.
1022 2449 1043 2512 l.
1068 2449 1153 2514 valet
1175 2450 1357 2528 oscendere,

381 2564 418 2625 ul
450 2562 533 2646 apud
568 2560 664 2646 Verg.
697 2561 771 2628 Goo.
805 2561 854 2642 H,
889 2563 970 2628 305:
1005 2569 1088 2645 ipnis
1121 2566 1244 2628 Robora
1277 2586 1360 2628 ooni-

378 2682 534 2761 prenait,
558 2682 748 2765 frondesque
771 2681 896 2760 elapsus
918 2684 954 2741 in
978 2680 1077 2756 altas,
1101 2681 1266 2760 Inpentem
1281 2683 1360 2744 coelo

381 2800 522 2860 soniturn
544 2800 640 2860 dedit.

426 2909 459 2975 Ο.
497 2914 534 2990 9,
569 2916 606 2977 4:
654 2915 737 2989 Quid
771 2917 858 2975 enini
881 2916 917 2974 in
939 2914 992 2974 illo
1015 2932 1080 2974 non
1101 2914 1250 2975 elarurnl
1284 2917 1361 2996 quid

381 3048 447 3090 non
483 3030 628 3091 Corvinis
651 3037 681 3091 et
704 3029 903 3108 Scipionibus
927 3029 1180 3105 eonferendum?
1214 3029 1266 3090 ille
1288 3029 1362 3090 libe-

382 3153 470 3206 rator
505 3147 646 3226 Illyrici,
681 3147 734 3207 ille
770 3145 952 3206 Galliarum
988 3148 1173 3219 restitutor,
1208 3145 1260 3206 ille
1294 3147 1362 3208 dun

382 3263 494 3339 rnapni
516 3263 612 3321 totius
635 3260 782 3338 exempli.
807 3292 850 3304 —
873 3254 975 3319 Immo
998 3276 1071 3319 vero
1094 3261 1192 3320 toties.

427 3370 460 3435 O.
500 3375 557 3450 14,
581 3374 629 3434 ·2:
675 3374 715 3434 Et
749 3392 888 3452 epo...
925 3373 993 3434 icleo
1030 3381 1144 3433 cuneta
1177 3376 1256 3450 teci,
1292 3375 1360 3434 ideo
1484 3456 1488 3464 Ι

382 3492 516 3554 uulnera
536 3493 698 3571 patienter
720 3491 844 3569 eueepi,
868 3490 937 3550 ideo
960 3495 990 3549 et
1013 3507 1105 3571 equos
1129 3495 1158 3548 et
1181 3491 1361 3550 coniuratos

383 3626 466 3667 nieos
500 3607 617 3667 lassaoi
650 3612 686 3667 ut
716 3606 798 3665 milii
827 3605 949 3682 pretias
979 3610 1084 3684 aperet
1107 3623 1156 3665 res
1177 3624 1209 3683 p.
1237 3609 1266 3664 et
1289 3622 1361 3664 oon·

383 3727 516 3788 seientia
549 3743 630 3785 rnea.
656 3755 696 3768 -
721 3718 867 3784 Absurde
891 3719 1079 3804 populantur
1102 3719 1175 3803 equi
1198 3720 1230 3782 el
1252 3719 1361 3784 eoniu-

382 3840 454 3905 rsli.
501 3838 569 3904 Aul
591 3837 700 3916 fallor,
724 3840 780 3901 sut
802 3842 897 3901 socios
920 3835 1090 3921 legendum
1113 3837 1171 3899 est.
1248 3875 1257 3898 .

428 3956 461 4021 O.
500 3960 558 4034 24,
596 3960 631 4019 1:
679 3957 780 4037 Copta
814 3964 923 4018 autem
950 3957 1062 4016 civitas
1085 3961 1129 4015 est
1153 3957 1235 4015 ntiro
1257 3921 1357 4015 niolio.

383 4097 462 4139 narn
496 4096 568 4138 curn
603 4075 848 4138 Heraclarnnion
882 4074 985 4134 loeurn
1020 4073 1204 4134 ostendisset
1238 4075 1360 4152 apperis

384 4194 530 4255 naturali
566 4195 665 4272 speeie
700 4195 895 4264 lamenteri,
930 4207 992 4268 qua
1028 4197 1131 4268 posset
1165 4191 1360 4252 Aurelianus
1443 4275 1447 4282 ι

383 4309 486 4372 cultus
517 4310 699 4382 oscendere,
732 4305 805 4368 ooli.
829 4339 870 4350 —
894 4298 967 4365 Nou
990 4299 1100 4366 dubito
1122 4303 1200 4387 quin
1223 4307 1360 4368 occultus
