3190 5114
814 488 853 551 18

344 689 383 754 In
424 712 485 775 qua
531 713 628 775 quum
669 692 814 776 equidem
852 694 996 757 haeream
1038 692 1077 756 ad
1114 693 1327 759 coniecturam

345 808 473 872 recurri.
509 808 617 892 Ipsum
642 807 793 875 Senecam
816 816 894 874 corii
917 811 1080 893 scripsisse
1106 811 1270 888 existimo,
1294 815 1327 875 at

345 924 555 988 somniculose
578 925 702 990 cuidam
717 924 846 990 librario
859 926 993 1003 librum,
1010 948 1028 989 a
1042 947 1103 1010 quo
1118 948 1209 990 suum
1221 948 1327 990 exem-

344 1040 413 1124 plar
435 1041 636 1121 describeret,
659 1027 742 1107 cora-c
761 1044 908 1108 exhibere
933 1064 1097 1127 perperam
1120 1043 1223 1106 visum
1246 1065 1323 1108 esse.

343 1155 429 1222 Pilas
444 1162 550 1224 eutem
564 1160 603 1224 de
619 1162 697 1225 corii
712 1160 909 1247 segminibus
927 1161 1011 1224 inter
1027 1181 1060 1223 ae
1073 1160 1213 1224 consutis
1225 1161 1324 1224 factas

343 1297 428 1353 esse,
463 1277 536 1341 lana
569 1278 619 1342 vel
654 1279 730 1342 setis
765 1278 815 1344 vel
838 1278 955 1363 plumis
979 1278 1075 1342 etiam
1098 1277 1239 1356 refertis,
1271 1277 1324 1341 ad·

343 1393 470 1457 modum
492 1394 652 1479 probabile
675 1397 732 1462 est.

387 1507 451 1586 VI,
477 1512 513 1586 2,
538 1513 574 1575 8:
623 1513 706 1586 Quid
738 1513 832 1574 babeo
866 1515 948 1592 quod
982 1531 1115 1595 querar,
1150 1514 1177 1571 ai
1212 1532 1322 1573 rerum

342 1634 464 1689 actara
497 1637 643 1690 meraca
665 1629 733 1689 cult
755 1631 858 1689 iacere
880 1629 1009 1707 ipnobili
1031 1628 1099 1688 leto.
1126 1660 1165 1670 -—
1191 1622 1321 1708 Corrige

343 1746 470 1806 tradere
504 1741 573 1806 coll.
598 1741 662 1807 Oia.
688 1741 726 1806 de
749 1741 825 1827 Leg.
850 1740 900 1819 H,
925 1745 962 1821 9,
987 1745 1048 1804 22:
1072 1746 1125 1805 bos
1149 1745 1209 1804 leto
1231 1747 1321 1806 datos

247 1915 251 1922 .
342 1861 429 1921 divos
452 1862 593 1922 habento.

387 1973 421 2038 0.
459 1976 496 2052 7,
532 1979 552 2039 3
585 1977 751 2059 postquam
784 1974 822 2038 de
857 1974 954 2038 variis
977 1995 1128 2058 aquarum
1150 1976 1320 2060 generibus

344 2088 510 2166 disseruit,
534 2111 590 2174 per
611 2092 714 2153 terrae
727 2089 925 2174 superficiem
937 2088 1190 2167 decurrentium,
1214 2091 1319 2154 addit:

344 2213 447 2270 omnic
480 2229 640 2291 aquaram
674 2213 704 2268 et
738 2211 828 2268 intra
862 2214 984 2267 terram
1017 2213 1140 2268 actara
1162 2210 1322 2291 faciesque

344 2335 398 2387 eat.
445 2327 513 2386 Illic
536 2344 655 2408 qaoque
677 2327 761 2385 aliae
784 2331 871 2384 casto
896 2343 992 2385 cursu
1015 2325 1210 2402 deferuntur
1232 2331 1262 2385 et
1286 2328 1321 2385 in

341 2460 491 2520 praeceps
514 2442 640 2502 calcatae
662 2442 791 2502 cadunt.
817 2441 901 2499 oliae
923 2445 992 2499 cett.
1019 2473 1057 2484 -
1083 2434 1223 2501 Obscura
1246 2439 1321 2502 haec

345 2559 420 2620 sunt
454 2558 486 2620 et
509 2558 595 2620 recto
621 2577 714 2619 sensu
736 2555 906 2630 destitute,
941 2553 1004 2616 nisi
1027 2575 1083 2637 pro
1107 2560 1209 2618 orabis
1232 2576 1321 2639 repo-

344 2672 444 2736 sueris
468 2676 591 2735 cicadis.
647 2729 661 2746 ,

388 2788 422 2853 O.
449 2792 507 2869 13,
532 2791 569 2853 6:
623 2793 704 2852 Vices
726 2791 840 2851 deirede
860 2791 957 2852 buius
980 2809 1107 2869 papnae
1129 2795 1222 2851 caat:
1245 2789 1321 2866 defit

343 2902 442 2970 calori
475 2910 672 2987 conpreqotc'o
706 2925 742 2966 oc
775 2925 890 2967 curcua
925 2907 1058 2984 eruptio.
1094 2910 1170 2964 tuac
1199 2905 1322 2982 sriqorc

342 3031 583 3105 compescuntur
617 3031 646 3086 et
680 3024 851 3084 succedunt
883 3041 956 3082 mor
985 3024 1102 3099 futura
1129 3022 1319 3098 potentiora.

341 3146 420 3205 dum
454 3142 580 3201 alterna
617 3141 664 3199 cia
698 3143 805 3199 caract
840 3143 869 3196 et
903 3137 988 3197 ultro
1021 3139 1159 3218 citroque
1188 3138 1321 3215 spiritus

341 3263 510 3330 commeat,
544 3262 632 3315 terra
659 3255 848 3314 concutitur.
873 3247 1106 3312 -Sententia
1129 3249 1262 3332 requirit
1285 3249 1320 3312 ni

341 3373 432 3437 fallor
454 3377 533 3436 dum
556 3374 682 3433 alterna
704 3373 770 3429 vice
793 3374 934 3429 cursant.
1018 3397 1022 3405 =

386 3486 420 3551 O.
457 3487 518 3562 26,
553 3488 589 3548 3:
637 3485 698 3547 Sed
731 3489 876 3543 mosoctur
911 3489 941 3542 et
974 3483 1134 3561 Aeqyptac
1157 3487 1187 3542 et
1210 3480 1317 3554 Delos,

341 3626 435 3690 quam
466 3605 618 3683 Verqiliaa
641 3609 726 3663 stare
749 3603 860 3662 iussit:

408 3724 627 3798 ,immotamque
650 3717 707 3778 coli
730 3717 817 3776 dedit
840 3721 870 3775 et
893 3720 1091 3775 contemnere
1113 3708 1240 3772 acatos!

340 3841 422 3898 banc
455 3836 632 3916 philosophi
670 3852 809 3918 qaoque,
846 3833 976 3894 credula
1013 3833 1124 3903 natio,
1162 3830 1317 3890 dixerunt

340 3974 405 4016 noa
428 3955 548 4014 moveri
570 3957 697 4012 auctore
720 3950 872 4009 Madaro.
898 3982 938 3991 —
958 3941 1130 4025 Corruptus
1153 3941 1205 4004 hic
1229 3941 1315 4006 locus

340 4071 397 4131 est.
445 4064 562 4130 Seneca
594 4062 811 4149 philosophos,
847 4080 923 4144 quos
958 4079 1079 4122 summa
1108 4057 1315 4122 admiratione

340 4185 372 4246 et
404 4181 607 4246 veneratione
641 4197 764 4260 semper
796 4177 828 4238 et
850 4174 966 4257 ubique
989 4174 1205 4257 prosequitur,
1241 4195 1315 4238 con·

339 4299 486 4382 temptim
518 4296 640 4363 scilicet
673 4291 830 4358 credulam
865 4291 1025 4355 nationem
1060 4291 1151 4355 dixit.
1199 4289 1313 4354 Credat
