3190 5114
737 533 776 596 81

177 725 180 730 ¹
272 747 343 824 qais
366 761 438 804 eam
462 743 502 800 iis
525 739 655 817 colloqui
674 741 783 816 possit.
797 772 840 782 —-
853 733 914 809 Qui
930 732 1035 797 subito
1050 734 1085 797 in
1095 735 1254 818 quaestio·

270 877 345 920 nem
378 852 502 937 abrepti
533 853 626 928 sunt,
661 871 712 914 eos
737 851 772 913 in
794 870 918 914 carcere
941 871 959 911 a
983 850 1095 913 ceteris
1119 851 1253 933 captivis

272 970 420 1055 separari,
443 969 572 1052 exipsa,
597 966 717 1050 opinor,
737 966 784 1028 rei
795 967 911 1029 natura
922 964 1074 1048 sequitur.
1099 963 1254 1039 Quamob-

271 1109 340 1152 rem
362 1086 564 1170 expungatur
586 1081 754 1145 molestum
778 1080 933 1144 emblema
956 1089 1075 1142 tamea.
1114 1053 1116 1064 ¹

316 1202 397 1267 Ibid.
431 1200 481 1264 25.
508 1201 559 1264 67.
608 1201 644 1262 Si
668 1201 818 1262 Milonem
841 1203 952 1274 times,
980 1203 1007 1260 si
1029 1202 1114 1261 hanc
1136 1201 1175 1261 de
1197 1208 1256 1262 taa

191 1324 192 1328 ’
271 1323 340 1382 cita
372 1321 500 1398 aesario
533 1323 592 1378 aat
625 1335 713 1377 aaac
746 1319 900 1394 capitose,
936 1321 994 1375 cat
1023 1316 1171 1376 molitam
1195 1318 1255 1377 ali-

268 1437 396 1516 qaaado
430 1433 553 1512 aliquid
583 1438 700 1511 putas,
735 1433 763 1490 si
796 1431 912 1490 Italiae
944 1429 1081 1490 delectas
1093 1475 1191 1491 .....
1227 1434 1256 1492 si

269 1551 390 1610 delecta
412 1551 562 1608 iaceatas
573 1593 580 1607 .
593 1593 600 1606 .
613 1593 641 1607 ..
666 1553 777 1607 coatra
801 1546 929 1606 Milonis
952 1547 1109 1623 impetant
1124 1553 1255 1606 arctata

270 1672 354 1727 est..
370 1710 400 1739 .,
423 1683 544 1742 acapna
566 1666 602 1723 ia
625 1665 680 1723 hoc
704 1669 786 1724 certe
808 1665 856 1722 vis
872 1669 902 1721 et
916 1661 1109 1722 incredibilis
1124 1665 1255 1723 aaiatas

270 1789 301 1843 et
324 1799 389 1842 aaa
401 1782 500 1842 ataias
513 1780 576 1838 oiri
588 1779 670 1838 vires
682 1783 777 1855 atque
791 1796 862 1855 opes
874 1777 1071 1836 iudicantur.
1086 1811 1130 1822 —
1142 1770 1254 1856 Inepte

271 1895 376 1960 editur
409 1913 536 1974 mapaa,
565 1896 601 1954 ia
623 1895 699 1953 hoc.
715 1937 745 1953 ..
781 1893 828 1951 vis
842 1937 849 1950 .
864 1936 893 1950 ..
929 1897 960 1950 et
982 1909 1048 1950 aaa
1070 1893 1170 1951 anias
1192 1891 1256 1948 oiri

271 2017 362 2076 vires.
412 2007 446 2073 si
469 2010 555 2071 reete
578 2007 682 2071 locum
707 2005 879 2089 intellego,
914 2009 961 2066 vis
984 2005 1091 2087 spuria
1113 2025 1173 2067 vax
1196 2008 1254 2067 est.

271 2124 386 2190 Omnia
420 2124 482 2186 rite
520 2124 552 2184 et
595 2120 704 2185 ordine
739 2119 930 2204 procedunt,
972 2119 1001 2180 si
1039 2117 1254 2200 emendaveris

213 2298 216 2304 .
271 2262 392 2322 maqaa
425 2245 461 2302 ia
495 2245 551 2302 hoc
584 2246 666 2301 certe
700 2241 803 2298 cistas
837 2246 867 2298 et
899 2238 1094 2297 incredibilis
1124 2239 1256 2298 calmas

271 2357 346 2419 cett.

317 2468 397 2532 lbid.
437 2469 487 2531 25.
526 2469 578 2532 69.
627 2468 717 2542 Quod
748 2417 777 2527 si
800 2467 885 2528 locas
909 2466 1021 2527 Miloni
1043 2467 1138 2527 datas
1162 2473 1256 2542 esset,

268 2589 432 2669 probasset
462 2588 604 2667 profecto
638 2587 695 2646 tibi
730 2587 808 2664 ipsi,
840 2586 1003 2645 aeasiaem
1027 2604 1181 2663 amquam
1204 2586 1257 2644 bo-

270 2707 394 2764 minem
416 2704 541 2761 homini
562 2702 718 2760 cariorem
741 2702 842 2777 faisse
863 2718 962 2778 qaam
985 2704 1016 2757 te
1038 2698 1104 2757 sibi.
1124 2731 1167 2744 —-
1183 2693 1257 2759 Nisi

272 2814 379 2878 omnia
402 2835 452 2876 me
475 2812 609 2889 fallunt,
643 2833 709 2876 non
731 2816 811 2894 ipsi,
838 2811 892 2875 sed
915 2815 982 2894 ipse
1004 2810 1174 2894 legendum
1197 2814 1255 2875 est.

271 2930 312 2996 In
345 2929 488 3014 proxime
523 2950 607 3013 seqq.
640 2951 720 3010 qaae
742 2934 771 2992 si
793 2951 859 2992 aaa
878 2932 1044 3010 probaret,
1079 2933 1107 2990 si
1129 2931 1187 2990 tibi
1209 2933 1257 2990 ita

268 3051 401 3128 pertitas
424 3048 611 3107 inhaesisset
634 3048 698 3107 ista
720 3049 875 3126 suspicio,
889 3092 1008 3108 ......
1039 3049 1177 3107 cessisset
1196 3066 1257 3125 pa·

272 3166 347 3239 tria,
371 3159 593 3245 corrigendum
616 3182 683 3224 esse
699 3163 858 3242 probasset
874 3161 928 3224 vix
943 3161 1157 3225 admonitione
1172 3163 1254 3245 eget.

317 3274 379 3340 Pro
414 3275 520 3340 Caelio
543 3278 582 3353 6,
619 3278 677 3353 14,
711 3279 878 3361 postquam
904 3277 981 3339 satis
1006 3279 1128 3361 copiose
1151 3280 1255 3340 orator

274 3391 312 3455 de
348 3390 505 3455 Catilinae
540 3393 573 3456 et
607 3390 708 3455 Caelii
737 3393 972 3457 necessitudine
993 3393 1145 3457 disseruit
1167 3397 1200 3456 et
1222 3391 1255 3455 id

278 3505 362 3590 egit,
397 3507 434 3567 ut
468 3503 663 3569 auditoribus
692 3508 910 3591 persuaderet,
944 3529 985 3571 ne
1016 3529 1072 3592 eos
1089 3511 1156 3570 tem
1178 3507 1256 3570 artis

276 3619 439 3685 amicitiae
478 3620 615 3683 vinculis
653 3623 837 3686 coniunctos
870 3623 967 3686 luisse
1003 3622 1183 3699 crederent,
1217 3624 1254 3686 ut

275 3734 400 3799 Caelius
432 3735 468 3797 in
490 3735 725 3799 coniuratorum
747 3757 878 3800 numero
900 3737 1030 3814 fuisset,
1061 3737 1108 3799 ita
1130 3735 1257 3800 conclu·

275 3851 342 3914 dit:
392 3854 520 3927 Quare
543 3855 605 3913 ista
628 3855 783 3927 coactitio,
817 3856 955 3927 iudices,
987 3859 1177 3932 respuatur,
1199 3871 1257 3912 aec

277 3969 435 4033 Catilinae
446 3973 686 4053 familiaritatis
700 3972 822 4032 crimea
833 3973 973 4031 haereat.
989 4005 1029 4016 -
1042 3968 1134 4031 Ferri
1144 3967 1257 4051 nequit

277 4087 436 4159 castitia,
471 4085 553 4168 quod
588 4085 675 4148 omni
708 4106 804 4148 sensu
838 4085 932 4147 caret.
986 4083 1094 4148 Foede
1128 4086 1257 4168 apparet

274 4201 407 4277 suspitio
443 4218 549 4262 veram
583 4199 753 4263 lectionem
789 4219 871 4272 esse,
908 4217 1006 4280 quum
1040 4197 1080 4260 ad
1103 4218 1139 4260 ea
1162 4196 1258 4260 verba

273 4313 465 4397 respexeris,
500 4313 615 4396 quibus
649 4313 701 4377 hic
735 4315 822 4379 locus
859 4312 1094 4390 introducitur,
1126 4317 1165 4391 4,
1201 4313 1256 4376 10:

1083 4434 1120 4494 11
