3190 5114
390 683 423 750 O.
448 689 508 749 12:
554 688 639 750 Haeo
673 688 870 768 eloquentiae
900 689 1098 768 primordia,
1133 689 1209 750 haec
1228 708 1326 769 pene·

345 806 465 883 tratia,·
502 808 558 867 hoo
591 807 739 885 primum
772 805 883 866 habitu
916 806 1065 886 cultuque
1103 807 1325 870 commendata

268 904 270 910 ¹
298 993 301 1000 Ι
345 923 531 984 mortalibus
558 926 594 983 in
618 923 674 983 illa
696 929 784 984 easta
807 929 836 984 et
859 922 958 984 nullis
981 929 1124 984 contacta
1147 925 1234 984 uitiis
1253 942 1325 1002 pee-

346 1047 417 1112 tora
449 1042 604 1120 influxit,·
632 1041 676 1099 sie
698 1039 828 1100 oracula
851 1040 1068 1119 loquebantur.
1116 1039 1202 1100 Nam
1224 1040 1326 1101 luera-

345 1178 399 1220 sae
432 1161 528 1220 huius
562 1165 593 1220 et
627 1161 854 1238 sanquinantis
889 1159 1084 1238 eloquentiae
1117 1177 1195 1219 usus
1218 1177 1325 1219 recens

345 1285 375 1340 et
408 1277 503 1338 malis
536 1277 676 1338 moribus
709 1266 816 1338 natus.
843 1309 886 1321 -
910 1271 984 1337 Non
1017 1275 1159 1337 lucrosae
1182 1271 1237 1336 sed
1259 1275 1324 1336 lue·

344 1400 454 1456 tuosne
483 1391 559 1456 olim
590 1391 744 1476 seriptum
773 1391 871 1455 fuisse
906 1390 1037 1455 conicio,
1083 1385 1214 1454 Amavit
1238 1387 1324 1452 enim

344 1505 472 1593 Dialogi
505 1508 641 1591 scriptor
673 1508 761 1592 pario
794 1507 960 1573 verborum
991 1508 1143 1591 oognstse
1175 1505 1261 1569 inter
1290 1525 1323 1568 se

344 1623 587 1708 significationis
617 1644 811 1707 componere.
858 1622 920 1688 Vel
947 1623 1122 1707 proximam
1144 1621 1238 1686 huius
1261 1621 1323 1686 looi

344 1740 496 1805 viciniam
528 1740 719 1824 perlustrare
758 1739 884 1804 suffieit.
939 1737 1088 1804 Videbis:
1126 1760 1259 1802 nemora
1292 1746 1322 1801 et

345 1857 428 1934 luei;
463 1859 567 1919 sordes
601 1878 637 1919 aa
671 1859 822 1919 lacrimas
852 1877 1001 1931 reorum;
1032 1858 1099 1918 laea
1118 1876 1206 1937 pura
1229 1861 1323 1935 etque

344 1976 528 2035 innocentia
535 1995 548 2050 ;
581 1973 692 2036 habitu
725 1974 894 2053 cultuque,·
929 1979 1018 2034 easta
1051 1978 1096 2033 et·
1114 1972 1213 2034 nullis
1236 1972 1322 2031 vitiis

344 2093 489 2150 contacta
525 2094 673 2168 pestoru,·
711 2091 812 2168 poetis
850 2094 881 2149 et
916 2089 1040 2148 uatibus
1050 2108 1063 2164 ;
1100 2088 1167 2149 deis
1202 2088 1322 2166 qenitos

345 2223 509 2283 sacrosque
530 2223 616 2283 reqes
626 2225 638 2281 ,·
662 2206 806 2284 inquieta
829 2209 859 2264 et
881 2206 983 2264 annia
1006 2204 1074 2263 uita
1095 2202 1168 2264 oett.

390 2317 511 2381 Eodem
548 2316 586 2380 de
626 2338 719 2381 oense
756 2317 863 2381 neseio
900 2337 942 2381 on
978 2316 1196 2381 emendatione
1234 2318 1326 2400 egeat

347 2434 450 2511 loeus,
494 2433 550 2517 qui
583 2432 702 2516 legitur
736 2453 761 2496 a.
798 2434 857 2495 23:
912 2434 996 2494 Noun
1031 2440 1061 2495 et
1095 2435 1171 2495 'haee
1205 2435 1326 2494 invitus

348 2552 458 2615 rettuli
492 2558 522 2614 et
550 2552 649 2632 plura
683 2554 792 2626 omisi,
827 2571 908 2631 quae
941 2557 1051 2612 tamen
1074 2551 1140 2612 sola
1162 2554 1327 2613 mirantur

347 2675 442 2749 atque
457 2671 645 2748 exprimunt
659 2670 698 2745 ii,
722 2670 777 2748 qui
793 2687 825 2729 se
836 2671 984 2748 antiquos
999 2675 1138 2729 oratores
1150 2674 1270 2728 vocant.
1285 2702 1326 2712 —

346 2781 408 2847 Pro
431 2787 597 2846 mirantur
620 2787 795 2846 imitantur
818 2780 1075 2845 substituendum
1089 2777 1175 2864 puto.
1210 2784 1327 2845 Aemu-

346 2902 410 2961 lari
432 2902 465 2962 et
487 2903 667 2979 exprimere
690 2897 859 2981 coniungit
882 2894 1008 2960 Plinius
1030 2896 1089 2979 Ep.
1114 2893 1181 2974 IV,
1207 2898 1264 2974 18,
1291 2898 1326 2971 13

247 3103 249 3108 ,
346 3013 402 3079 m.
429 3017 480 3078 22.
507 3016 534 3077 1.

390 3129 511 3196 Similis
545 3152 595 3194 res
631 3132 680 3194 est
703 3152 729 3195 o.
756 3133 817 3194 29:
852 3133 978 3196 Horum
1001 3132 1188 3216 [servorum]
1211 3133 1329 3212 fabulis

345 3257 376 3313 et
409 3250 567 3310 erroribus
599 3251 701 3309 teneri
736 3251 847 3308 statim
882 3254 912 3308 et
935 3250 1030 3310 rudes
1053 3251 1157 3310 animi
1179 3249 1332 3311 imbuun·'

345 3371 409 3425 tur.
435 3398 475 3408 —
499 3359 643 3424 Ritterns
678 3363 838 3424 amoribus
873 3359 978 3444 legere
1001 3359 1124 3426 moluit.
1171 3361 1326 3445 Equidem

345 3479 540 3540 sermonibus
574 3476 730 3561 corrigere
759 3475 875 3539 malim
908 3476 977 3541 coll.
1023 3475 1106 3543 Plin.
1131 3478 1190 3562 Ep.
1215 3478 1263 3557 V,
1286 3482 1325 3558 6,

347 3596 383 3658 6:
421 3597 537 3657 audias
574 3596 700 3674 fabulas
740 3602 857 3657 ueteres
891 3616 1109 3680 sermonesque
1142 3601 1325 3671 maiorum·

346 3711 386 3777 V.
412 3716 450 3789 8,
473 3717 510 3776 4:
546 3715 629 3777 Sunt
653 3717 740 3776 enim
764 3717 908 3775 homines
932 3721 1054 3776 natura
1077 3719 1195 3777 curiosi
1212 3762 1218 3777 .
1234 3762 1262 3777 ..
1288 3723 1325 3779 ut

346 3838 400 3918 qui
423 3833 633 3896 sermunculis
656 3834 755 3893 etlam
778 3831 964 3916 fabellisque
986 3833 1156 3894 durantur.

391 3947 424 4013 0.
450 3952 508 4014 34:
554 3951 605 4012 Ita
627 3970 684 4011 neo
703 3955 891 4029 praeceptor
914 3949 1041 4009 deerat.
1057 3994 1064 4009 .
1079 3994 1108 4010 ..
1132 3968 1189 4010 nee
1212 3951 1323 4012 adoer-

346 4067 427 4125 sorii
448 4072 478 4126 et
500 4064 621 4126 aemuli
642 4067 747 4143 ferro,
782 4081 847 4123 non
870 4063 1002 4124 rudibus
1024 4065 1213 4126 dirniaantes
1223 4087 1235 4142 ;
1270 4067 1323 4126 sed

300 4227 305 4238 .
346 4182 545 4242 auditorium
568 4199 691 4260 semper
709 4179 862 4258 plenum,
893 4177 1015 4257 semper
1037 4198 1156 4240 novum
1179 4201 1219 4243 eoo
1241 4183 1323 4241 invi-

346 4298 396 4358 dis
430 4302 461 4357 et
494 4297 692 4373 fauentibus,
726 4301 763 4355 ut
796 4312 853 4354 nee
875 4293 950 4354 bene
972 4295 1058 4355 dieta
1078 4296 1323 4359 dissimularen-
