3190 5114
798 441 857 484 Vlll

226 613 237 632 '
355 639 423 681 rum
455 621 548 682 etiam
580 619 863 701 investigationibus
893 621 1074 728 latissimum
1102 639 1242 702 campum
1263 622 1332 681 offe
1394 675 1396 679 .

354 779 436 833 runt.
484 773 611 853 Legenti
645 781 698 834 aut
700 791 748 834 em
782 773 901 852 quoties
934 774 1016 834 locus
1051 772 1241 846 occurrebat,
1278 771 1330 850 qui

354 924 536 984 sententiam
565 925 612 985 vel
631 925 721 1005 paulo
742 923 968 986 obscuriorem.
998 924 1045 985 vel
1066 942 1190 1032 prorsus
1209 922 1335 1004 impedi-

296 1115 300 1126 ι
354 1084 419 1138 tam
452 1075 598 1157 praebere
633 1075 807 1150 videbatur,
842 1075 924 1136 hunc
956 1073 1059 1136 sedulo
1094 1072 1255 1149 annotavi,
1290 1071 1334 1133 ita

354 1235 457 1290 tamen
488 1234 524 1290 ut
544 1227 633 1290 simul
654 1227 792 1289 criticam
812 1225 1003 1301 facultatem,
1035 1227 1062 1288 si
1082 1243 1142 1307 qua
1161 1225 1239 1286 forte
1258 1227 1334 1288 mihi

355 1381 448 1457 inest,
470 1399 506 1442 eo
527 1381 716 1443 emendando
736 1387 895 1442 tentarem.

393 1531 548 1603 Quorsum
569 1533 645 1596 haec
665 1533 820 1596 omnia?
811 1533 921 1612 mquis.
943 1565 982 1580 -
998 1530 1075 1602 Quia
1091 1529 1257 1612 plurimum
1270 1545 1335 1590 esse

358 1685 541 1747 discriminis
571 1685 728 1756 existimo,
758 1691 863 1746 utrum
884 1684 985 1763 aliqua
1004 1702 1053 1746 res
1073 1683 1262 1765 propositum
1282 1683 1334 1758 sit,

357 1859 396 1902 an
426 1839 574 1922 propositi
606 1840 731 1901 alterius
762 1839 902 1901 accessio.
943 1839 1046 1917 Longe
1076 1857 1148 1900 sane
1172 1838 1269 1913 abest,
1300 1845 1336 1899 ut

357 1992 493 2054 criticam
514 1999 627 2066 artem,
648 1991 762 2072 inqua
783 2000 847 2054 tam
867 1992 956 2055 multi
977 1992 1036 2054 viri
1057 1993 1138 2054 docti
1159 2011 1282 2074 operam
1302 1999 1335 2054 et

355 2163 459 2207 curam
491 2151 609 2226 ponunt
630 2164 725 2227 prope
745 2164 882 2221 omnem,
913 2165 978 2207 rem
998 2145 1157 2222 subsicivi,
1178 2153 1214 2207 ut
1233 2145 1332 2221 aiunt,

356 2297 456 2378 operis
487 2296 657 2359 habendam
687 2304 807 2378 putem3
837 2316 919 2359 nunc
941 2316 1013 2359 vcro
1032 2315 1092 2358 non
1113 2297 1210 2377 ipsam
1230 2295 1334 2377 petivi

343 2435 452 2512 ¹Statio
484 2451 573 2527 mihi,
604 2471 666 2513 non
697 2458 804 2532 portus
834 2451 902 2513 fuit.
944 2450 1060 2522 Quibus
1089 2451 1212 2513 monitis
1232 2451 1333 2530 aliqua

353 2621 423 2684 spes
456 2621 506 2663 me
526 2609 626 2678 tenet,
647 2603 711 2664 fore
731 2612 767 2665 ut
783 2604 879 2666 aculei
898 2603 1003 2666 iudicii
1024 2604 1070 2665 tui
1091 2605 1122 2665 in
1142 2603 1243 2666 libello
1263 2622 1337 2688 meo

354 2753 561 2829 diiudicando‚
582 2755 608 2816 si
629 2756 716 2816 evelli
736 2755 971 2836 extorquerique
990 2775 1051 2818 non
1075 2756 1205 2838 possint,
1227 2755 1333 2837 paulu·

351 2905 416 2965 lum
437 2905 544 2966 saltem
565 2905 748 2969 hebetentur
768 2915 801 2969 et
820 2910 1032 2974 retundantur.

392 3056 529 3118 Primaun
565 3057 700 3119 omniurn
733 3059 767 3122 L.
798 3059 959 3122 Annaeum
993 3060 1139 3124 Senecam
1173 3063 1205 3123 in
1225 3080 1332 3124 manus
1387 3089 1391 3099 ·

353 3206 480 3288 sumpsi.
520 3207 611 3288 Apud
643 3227 732 3289 quem
764 3229 859 3291 quum
888 3211 995 3292 ingens
1021 3231 1124 3274 rerum
1144 3213 1230 3294 copia
1250 3215 1331 3275 inve·

353 3357 455 3418 niatur
486 3357 524 3417 ad
555 3357 634 3419 vitae
658 3357 863 3421 Romanorum
884 3360 1021 3441 privatae
1042 3360 1244 3440 cognitionem
1264 3369 1338 3441 per·'
1391 3375 1392 3380 ’

350 3503 528 3581 tinentium,
557 3512 623 3568 tum
646 3505 685 3568 ad
705 3525 810 3568 verum
830 3507 953 3570 omnino
977 3507 1043 3570 eius
1066 3509 1179 3591 scripta
1204 3530 1331 3574 conven-

351 3664 439 3721 tuum
453 3657 574 3718 illorum
589 3665 622 3718 et
633 3658 816 3743 circulorum
826 3659 982 3741 ingenium
993 3663 1161 3743 exprimere
1171 3663 1328 3742 videntur,

350 3809 382 3870 in
403 3808 512 3888 quibus
532 3809 590 3871 viri
611 3818 644 3872 et
663 3810 793 3874 feminae
813 3812 1008 3890 nobilissimi,
1035 3824 1072 3877 ut
1092 3817 1129 3877 de
1148 3836 1330 3899 unaquaque

350 3980 399 4035 re,
421 3961 465 4022 ita
486 3962 522 4022 de
542 3962 733 4045 philosophia
747 3936 868 4046 quoque
882 3968 1045 4030 desultoria
1060 3970 1190 4050 quadam
1204 3971 1330 4035 levitate

348 4111 477 4174 fabulari
493 4077 617 4193 magis,
650 4134 742 4196 quam
771 4119 923 4198 exquisite
953 4129 985 4182 et
1011 4131 1150 4186 accurate
1171 4125 1327 4207 disputare

346 4263 493 4330 solebant.
525 4267 668 4330 Editione
688 4269 811 4347 utebar,
834 4291 913 4354 quae
933 4247 959 4337 a.
981 4273 1061 4338 1852
1081 4275 1115 4340 F.
1136 4275 1242 4340 Haasii
1256 4298 1331 4342 cura
