3190 5114
437 1260 471 1354 G·
522 1261 709 1354 PLINIUS
741 1258 979 1354 erminus
1010 1257 1255 1352 suonam.

764 1593 934 1662 [nstitui.

772 1863 938 1870 m—

401 2077 426 2142 I.
463 2077 521 2158 20,
559 2077 599 2140 17
615 2076 655 2163 *).
707 2081 813 2163 Neque
846 2082 934 2140 enim
967 2083 1077 2143 minue
1111 2083 1333 2161 inperepioua‚

355 2198 495 2270 ineerta,
530 2195 662 2272 saliuam
695 2200 772 2256 sunt
805 2194 950 2255 iudicum
981 2198 1112 2276 inpenia
1134 2216 1231 2280 quom
1255 2203 1333 2258 tem·

351 2315 516 2389 portatum
550 2309 782 2392 terrarumque.
809 2343 849 2354 -
872 2304 1114 2390 Inepiisrimum
1137 2329 1203 2373 voe.
1229 2317 1332 2372 terra·

354 2446 489 2508 rumque
524 2423 593 2487 sine
618 2423 686 2487 ullu
718 2422 915 2487 dubitatione
938 2422 1107 2488 delendum
1129 2425 1276 2489 existimo
1299 2427 1332 2488 et

353 2537 559 2604 revocandum
581 2559 688 2602 veram
701 2537 870 2602 lectionem
884 2549 1141 2624 temporumque3
1165 2539 1204 2604 of.
1222 2537 1331 2604 Oieero

354 2657 391 2722 de
420 2656 462 2721 N.
486 2654 525 2720 D.
550 2655 575 2719 I.
601 2659 640 2719 4:
675 2664 875 2737 tempestates
899 2677 936 2718 ac
960 2665 1139 2738 temporum
1162 2661 1331 2719 varietates

352 2776 488 2855 coelique
509 2776 724 2850 mutationes,¹
755 2767 866 2834 Pered.
892 2768 958 2833 VI:
988 2773 1094 2835 Virtus
1117 2793 1174 2834 neo
1196 2777 1331 2851 tempes-

353 2897 458 2953 tatum
480 2911 537 2952 neo
560 2873 741 2968 temporum
760 2891 999 2969 permutatione
1021 2895 1180 2951 mutatur.

396 3004 447 3082 Π,
481 3008 501 3069 3
535 3003 659 3068 Isaeum
693 3004 818 3081 laudet,
853 3004 1010 3069 rhetorem
1032 3004 1258 3080 durissimum,
1292 3003 1330 3067 de
1444 3015 1449 3028 ’

352 3140 413 3204 quo
436 3121 453 3204 g
478 3123 513 3182 2:
544 3123 647 3183 Poscit
670 3124 897 3212 controuersias
917 3122 1043 3201 plures,
1067 3123 1330 3185 electionemau-

353 3237 506 3297 olitoribus
526 3238 704 3314 permittit,
728 3255 820 3315 saepe
843 3238 942 3296 etiam
962 3243 1089 3315 partes,
1113 3240 1223 3317 sumit,
1246 3241 1330 3299 ami·

352 3356 449 3428 citur,
473 3355 595 3432 incipit.
615 3387 655 3398 -
669 3354 774 3414 Poscit
785 3351 1022 3414 oontroversius.
1037 3388 1076 3400 -
1090 3348 1122 3414 A
1132 3350 1266 3435 quibus?
1287 3387 1328 3398 -

353 3465 405 3532 Ab
427 3467 646 3532 auditoribus?
691 3467 824 3532 Minime
847 3489 930 3532 vero.
965 3468 1026 3532 Hir
1049 3469 1235 3533 eleotionem
1258 3490 1330 3552 per·
1363 3455 1365 3460 ¹

352 3582 473 3660 niun,
507 3582 574 3666 ipse
604 3587 695 3664 ponit
717 3587 962 3660 controversias,
997 3583 1017 3647 i.
1042 3604 1069 3646 e.
1094 3583 1258 3667 proponit,
1294 3582 1330 3645 in

352 3695 490 3760 medium
513 3697 613 3760 efferi.
638 3695 685 3761 Of.
710 3695 773 3761 Oio.
799 3698 889 3761 Tuso.
913 3695 938 3760 Ι.
964 3701 998 3762 4:
1023 3701 1144 3762 Ponere
1167 3701 1327 3776 iubatum,

352 3816 392 3876 de
416 3835 475 3898 quo
498 3819 567 3899 quie
589 3817 704 3878 audire
726 3816 834 3890 vellen
858 3811 944 3878 Orat.
968 3815 996 3876 l.
1016 3816 1075 3877 22:
1098 3793 1330 3876 Ponere'alioui

356 3932 642 4012 quaestiunculam.

367 4109 512 4120 ———

383 4196 409 4264 *)
427 4197 454 4246 0.
474 4196 550 4248 Plinii
568 4198 668 4249 Caecilii
683 4197 787 4247 Secundi
798 4197 965 4262 Epistularum
975 4195 1032 4247 libri
1047 4213 1147 4260 novem,
1165 4199 1328 4266 Epistularum

355 4288 384 4338 ud
402 4289 532 4340 Traianum
548 4289 622 4352 liber,
639 4289 814 4354 Panegyricus,
832 4305 928 4355 reoogn.
945 4290 981 4341 H.
1000 4291 1068 4352 Keil;
1088 4291 1185 4359 Lipsiae
1202 4294 1277 4343 1868.
