3190 5114
742 509 806 570 xrn

320 705 437 786 Agmen
469 705 613 767 claudunt
644 705 748 766 Cicero
769 713 800 766 et
821 705 946 782 Caesar,
978 657 1017 768 ad
1039 727 1114 788 quos
1135 703 1263 791 paucula

279 861 452 924 adversaria
481 861 566 922 velut
598 860 631 920 in
662 860 817 920 cumulum
851 859 962 920 addidi.
1013 861 1068 920 His
1098 861 1263 940 benignam

278 1014 445 1094 legentium
479 1013 721 1074 aestimationem
755 1010 801 1071 vel
836 1010 969 1071 maxime
999 1011 1118 1090 flagito,
1151 1013 1263 1094 quippe

279 1185 356 1249 quae
376 1167 485 1229 ceteris
505 1161 660 1246 aliquanto
681 1164 798 1225 diutius
818 1165 850 1223 in
870 1164 990 1225 scriniis
1004 1166 1159 1226 latuerint.
1188 1149 1261 1228 ¹Iarn

280 1337 315 1379 eo
341 1318 422 1378 enim
441 1325 579 1398 ternpore
599 1316 776 1378 elucubrata
796 1324 883 1389 sunt,
918 1337 977 1397 quo
998 1319 1062 1380 fere
1083 1322 1263 1401 peregrlnus

279 1480 372 1554 atque
390 1475 500 1555 hospes
513 1473 551 1534 ad
565 1473 722 1534 literarum
739 1473 914 1533 Latinarum
933 1474 1067 1534 studium
1079 1475 1262 1538 accederem.
1294 1486 1296 1496 ’

320 1627 366 1687 De
379 1626 429 1686 via
443 1633 476 1685 et
487 1623 616 1696 ratione,
638 1641 730 1702 quam
741 1621 773 1682 in
784 1621 965 1682 adversariis
974 1622 1125 1683 -faciendis
1139 1629 1262 1684 secutus

282 1799 366 1855 sum,
384 1781 494 1858 longus
514 1796 579 1838 esse
591 1777 670 1839 nolo.
693 1775 793 1846 Quum
805 1795 865 1837 non
878 1792 928 1836 eas
943 1795 1062 1856 semper
1077 1776 1259 1855 scriptorum

279 1933 425 1994 editiones
445 1930 483 1992 ad
504 1949 627 1992 manum
647 1930 806 2003 haberem,
829 1929 862 1988 in
883 1928 993 2009 quibus
1007 1929 1108 1989 variae
1122 1929 1259 1990 codicum

277 2087 419 2148 lectiones
440 2083 521 2146 fideli
542 2082 711 2144 constantia
732 2081 954 2155 indicarentur,
979 2082 1079 2142 nescio
1101 2100 1140 2142 an
1160 2082 1258 2143 multa

277 2233 471 2319 protulerim,
501 2236 743 2318 reprehensionis
777 2253 882 2296 ansam
915 2234 953 2294 iis
973 2235 1168 2314 praebentia,
1204 2236 1256 2315 qui

276 2387 452 2450 melioribus
472 2386 629 2467 praesidiis
650 2386 807 2459 instructi,
830 2385 868 2446 ad
889 2385 1011 2446 eosdem
1025 2385 1188 2466 scriptores
1199 2387 1256 2447 cri-
1355 2409 1358 2414 ·

275 2541 338 2603 tica
359 2539 477 2602 ratione
497 2539 671 2601 tractandos
691 2558 724 2602 se
743 2539 912 2618 accingant.
954 2539 1018 2602 Nec
1039 2539 1181 2616 deerunt,
1204 2542 1257 2622 qui

275 2697 314 2756 ob
343 2695 376 2755 id
404 2695 504 2776 ipsum
536 2696 671 2756 frontem
702 2694 883 2754 contrahant
912 2693 1030 2774 levique
1062 2713 1111 2754 me
1131 2695 1255 2756 brachio

273 2846 449 2926 obiurgent‚
485 2846 566 2926 quod
599 2845 646 2905 vel
667 2844 711 2905 sic
731 2845 928 2924 antiquorum
948 2844 1069 2923 scriptis
1089 2845 1254 2925 purgandis

272 3018 380 3061 manus
400 2999 561 3059 admovere
581 3014 670 3057 ausus
690 2997 757 3058 sim.
799 2995 880 3058 Satis
901 2977 991 3058 multi
1012 2997 1094 3060 enim
1114 3000 1253 3060 homines

273 3159 359 3227 sunt,
380 3151 499 3213 hebetis
520 3149 661 3229 tardique
682 3148 812 3229 ingenii,
835 3149 888 3229 qui
909 3167 928 3209 a
948 3153 1087 3210 veterum
1108 3149 1256 3211 librorum

272 3310 424 3391 scriptura
454 3310 500 3369 vel
530 3314 738 3369 transversum
765 3325 898 3386 unguem
919 3306 1073 3369 discedere
1094 3316 1255 3384 verentur,

226 3527 229 3534 ,
260 3462 391 3523 'etiamsi
412 3461 606 3522 somniculosi
626 3461 673 3522 vel
693 3461 854 3522 temulenti
870 3461 986 3523 librarii
1000 3461 1137 3523 incertae
1146 3481 1254 3524 manus

273 3614 356 3675 haud
390 3612 481 3674 dubia
515 3613 671 3674 interdum
705 3613 833 3691 vestigia
864 3613 1049 3694 deprehendi
1070 3621 1197 3695 possunt
1218 3612 1253 3695 ⁶).

273 3768 360 3830 Alius
383 3768 479 3840 aliud,
511 3785 566 3847 ego
587 3777 702 3828 rectam
723 3767 871 3829 rationem
893 3776 924 3830 et
945 3768 1095 3847 integram
1117 3787 1252 3830 sensum·

273 3943 332 4004 que
352 3941 542 3985 communem
563 3924 706 3985 certiores
721 3909 842 3985 omnino
857 3923 1068 4004 firmioresque
1083 3923 1149 3986 viae
1160 3924 1250 3984 duces

305 4137 332 4201 *)
349 4139 389 4190 cf.
408 4139 582 4201 wattenbach,
601 4140 659 4192 Aul.
677 4158 699 4192 z.
719 4142 773 4192 lat.
792 4141 980 4208 Palaeograpbie
998 4158 1024 4208 p.
1038 4143 1085 4201 33,
1102 4139 1144 4191 abi
1155 4140 1250 4191 librarii

272 4257 405 4325 exemplum
420 4260 509 4311 citatur
524 4261 626 4327 ingenae
642 4261 734 4313 scilicet
751 4262 896 4342 profitentia:
927 4262 1049 4324 uMultum
1066 4261 1127 4313 male
1143 4262 1249 4334 scripsi,

273 4383 329 4455 quia
345 4383 447 4436 multum
467 4383 523 4434 bene
540 4382 631 4451 bipei,’'
