3190 5114
832 501 874 562 34

363 704 451 780 Quod
475 703 634 769 Iecobsius
658 705 807 789 proponit
833 708 950 768 lenitus
973 706 1028 768 eut
1051 711 1249 785 pertentatus
1271 721 1341 786 pro·

363 818 436 883 bere
457 839 595 903 nequeo,
627 841 724 904 quum
748 841 766 884 e
790 818 885 883 codd.
911 819 1097 884 auctoritate
1120 816 1247 903 longius
1270 839 1341 882 eum

363 930 521 999 discedere
545 937 734 1000 existimem.
772 935 854 1000 Mihi
874 939 989 1019 plenus
1012 957 1051 1000 ex
1074 939 1176 1018 {tenus
1199 935 1342 999 librario·

363 1073 433 1116 rum
464 1052 556 1137 culpe
586 1053 792 1138 deprevatum
815 1074 882 1117 esse
906 1051 1099 1136 probabilius
1122 1050 1256 1115 videtur.
1292 1049 1338 1114 Of.

363 1188 388 1233 e.
417 1170 478 1234 107
488 1190 495 1232 ι
520 1175 698 1252 flectite...
725 1180 846 1234 mentes
869 1174 1088 1266 satisfactione
1110 1171 1234 1232 lenitas.
1361 1151 1363 1158 ¹

407 1283 440 1350 O.
469 1286 548 1350 127:
575 1290 667 1350 Dicit
690 1291 766 1351 baec
791 1289 894 1365 Circe,
918 1289 1172 1368 implicitumque
1194 1307 1245 1348 rne
1267 1288 1338 1348 bru-

362 1406 440 1466 chiis
478 1405 671 1467 mollioribus
701 1405 816 1484 pluuia
852 1406 986 1466 deducit
1022 1406 1058 1464 in
1093 1410 1214 1463 terrarn
1248 1405 1337 1463 vario

360 1521 507 1598 erantne
541 1522 701 1587 induturn.
724 1553 767 1566 —-
791 1516 925 1582 Verium
959 1537 1091 1603 gramen
1124 1511 1215 1599 quale
1241 1515 1337 1578 fuerit
1430 1551 1443 1568 κ

360 1655 425 1699 non
448 1635 525 1699 setis
548 1657 657 1720 cepere
680 1658 730 1700 me
747 1636 905 1701 confiteor.
941 1631 1103 1698 Nimirum
1120 1637 1215 1696 viridi
1230 1652 1336 1696 emen·

360 1747 498 1815 dandum
521 1754 577 1815 est.

406 1865 440 1930 G.
468 1870 548 1932 128:
596 1870 691 1944 ‚Quid
724 1867 777 1930 est*
813 1871 917 1948 inquit
953 1870 1110 1948 ,nunquid
1145 1875 1174 1928 te
1196 1869 1338 1929 osculum

363 2007 471 2049 rneuni
508 1988 665 2068 offendit?
703 1987 851 2066 nunquid
885 1987 1017 2065 spiritus
1052 1988 1172 2047 ieiunio
1208 1987 1337 2047 macer?

362 2106 510 2184 nunquid
544 2105 682 2175 aleuurn¹
705 2105 863 2183 neyliyens
898 2105 1020 2166 sudor?
1050 2098 1150 2183 puto!
1176 2137 1219 2150 -
1242 2099 1338 2166 Varie

363 2218 553 2284 coniecturis
576 2218 638 2282 viri
660 2217 745 2282 docti
766 2219 933 2282 tentarunt
956 2239 1080 2296 inacer;
1117 2218 1149 2279 et
1180 2217 1247 2280 iure
1269 2217 1360 2300 qui·.

364 2336 442 2399 dem.
489 2335 569 2399 Eam
606 2335 695 2412 enim,
725 2357 831 2398 rnucer
865 2333 960 2398 hebet
994 2334 1173 2412 notionem,
1208 2356 1288 2419 quse
1322 2356 1340 2398 e

364 2455 497 2533 spiritus
530 2471 656 2534 prorsus
693 2450 796 2515 aliene
819 2450 875 2512 est.
924 2446 1066 2513 Verbum
1089 2452 1197 2533 aperte
1220 2449 1340 2514 deside-

364 2567 452 2629 retur
474 2564 556 2649 quod
579 2566 779 2643 matertere,
802 2575 914 2648 putere
937 2565 1030 2629 velet.
1079 2563 1278 2630 Wouwerius
1301 2565 1340 2630 ed

365 2678 529 2747 Sidonium
551 2692 619 2746 acet
641 2681 792 2760 coniecit,
828 2692 930 2747 rnucet
953 2681 1126 2760 Gruterus,
1161 2692 1263 2747 rnaeet
1286 2686 1340 2746 aut

364 2809 468 2864 rnucet
501 2799 663 2865 Heinsius.
711 2799 792 2864 Mihi
826 2800 907 2865 nihil
941 2799 1054 2864 melius
1088 2799 1225 2863 occurrit
1247 2820 1341 2883 quem

364 2923 482 2979 runcet.
536 2914 745 2999 Perticipium
783 2937 918 2978 rancens
953 2914 1072 2999 legitur
1107 2914 1190 2998 apud
1224 2914 1340 2979 Luere-

363 3033 444 3096 tium
468 3036 502 3109 3,
528 3033 607 3096 270:
630 3036 783 3095 cadauere
805 3037 965 3108 rancenti,
991 3036 1059 3094 turn
1083 3036 1199 3095 viscere
1222 3052 1342 3096 uermes

363 3151 540 3230 Enspirant
563 3149 595 3210 et
617 3146 700 3230 apud
724 3144 829 3210 Seren.
855 3144 1012 3210 Summon.
1039 3147 1098 3224 54,
1124 3148 1207 3211 978:
1250 3149 1340 3210 Vetus

363 3276 392 3329 et
425 3288 561 3330 runccne
591 3269 744 3346 enuncia.
792 3262 880 3338 Quod
901 3266 1064 3347 praeterea
1087 3285 1244 3349 nusquam
1266 3285 1340 3329 ren·

347 3377 455 3445 'cendi
488 3379 618 3443 verbum
642 3377 789 3443 'occurrit
822 3399 933 3462 perum
968 3399 1050 3443 curo.
1104 3379 1203 3455 Quem
1238 3376 1339 3442 multe

362 3498 448 3562 enim
471 3496 620 3561 vocabule
635 3494 716 3580 apud
728 3493 913 3559 Petronium
926 3494 1095 3580 leguntur,
1120 3495 1234 3580 quibus
1246 3514 1338 3558 nemo

362 3615 442 3678 elius
477 3614 610 3698 scriptor
643 3633 792 3696 umquem
827 3632 901 3675 usus
938 3614 995 3674 est.
1044 3612 1129 3688 Quae
1164 3612 1337 3694 sequuntur

362 3731 506 3812 corrupte
528 3748 650 3812 quoque
674 3725 829 3789 existimo.
867 3723 1019 3790 Omnium
1042 3727 1178 3790 maxime
1201 3722 1336 3790 Antonii

361 3845 478 3911 arridet
502 3847 678 3910 correctura
701 3848 848 3925 nunquid
872 3846 1001 3908 ulerunt
1025 3848 1199 3926 neqlinenu
1224 3847 1336 3906 sudore

357 3965 477 4043 putent

405 4077 438 4142 O.
466 4080 545 4143 136:
580 4081 708 4142 Reduxi
731 4080 831 4156 initur
853 4077 990 4155 crudum
1011 4078 1212 4156 proiectaque
1234 4085 1331 4152 veste,

361 4205 516 4282 tanquarn
557 4203 756 4277 expectarent
804 4197 1000 4267 inurentem,
1046 4194 1081 4252 tn
1121 4195 1213 4256 aditu
1250 4195 1330 4256 steti.

360 4313 517 4374 collocavit
551 4313 608 4372 illa
639 4314 744 4390 innern
778 4309 873 4370 cassis
907 4309 1120 4370 arundinibus
1154 4310 1330 4383 collectum,
