3190 5114
859 474 880 536 2

384 672 498 738 toclem
521 672 633 760 (Arisc.
649 677 708 762 nq.
723 680 786 756 84,
810 675 874 742 Oic.
899 675 988 742 Brut.
1016 681 1066 758 11,
1090 677 1146 764 43)
1164 681 1363 748 viiomsuem

384 791 525 855 finivisse
548 793 726 877 antiquitus
750 815 818 858 esse
841 793 1006 858 creditum.
1033 794 1117 872 Quae
1141 818 1213 860 cnm
1230 797 1362 878 itasini,

385 906 606 991 corrigendum
629 909 797 974 exiriimoz
821 914 885 973 sive
909 914 1363 994 haustussaaquinisenrsum

382 1026 513 1086 animae
536 1030 710 1088 remeantis
736 1028 925 1090 interscidit.

768 1251 962 1260 ——-.-.

514 1404 634 1467 alnoo.
652 1404 705 1466 [ΙΒ.
723 1405 739 1466 ΙΙ
757 1405 781 1466 8.
799 1402 837 1464 ot
854 1403 1048 1467 consumo
1065 1406 1226 1470 sansone.

425 1624 458 1689 Ο.
480 1627 531 1704 18,
546 1627 574 1688 1:
594 1627 624 1688 C.
645 1627 761 1689 Cacsar
773 1629 858 1689 inter
870 1634 973 1690 cetera
987 1631 1077 1705 vitia,
1092 1629 1202 1708 quibus
1214 1630 1357 1692 abunda

379 1744 440 1817 bat,
463 1744 706 1804 contumeiiosus
730 1743 921 1804 mirabiliter
939 1745 1102 1822 ferebatur
1121 1765 1228 1808 omnes
1247 1749 1356 1828 aliqua

379 1865 456 1919 noia
467 1860 621 1936 feriendo,
645 1861 711 1937 ipse
722 1860 862 1919 materia
874 1859 958 1920 risus
970 1860 1205 1938 beniqaissima.
1224 1897 1266 1908 -
1278 1858 1355 1924 Leo·

378 1970 498 2034 tionem
518 1967 601 2046 dedi,
624 1989 703 2052 quae
726 1970 808 2032 cesto
831 1967 988 2033 Gronovio
1004 1969 1039 2032 in
1062 1967 1156 2033 Codd.
1180 1972 1353 2036 invenitur.

378 2084 450 2170 Ipse
473 2085 649 2150 Gronovius
670 2086 791 2169 recepit
805 2107 843 2148 ex
865 2085 955 2150 libris
978 2085 1103 2149 Erasmi
1125 2088 1158 2160 ei
1181 2085 1354 2173 Lipsianis:

379 2205 525 2266 omnibns
547 2205 656 2283 aliona
678 2210 755 2266 noia
773 2205 938 2281 senariis,
961 2201 1044 2284 quod
1065 2201 1211 2268 Latinius
1233 2204 1355 2269 dicium

379 2318 504 2402 patavii
534 2338 591 2401 pro
621 2317 746 2402 vulgari
768 2338 876 2381 omnes
898 2320 1050 2396 feriendo.
1096 2315 1229 2384 Minime
1252 2321 1356 2405 placet

378 2433 455 2496 haec
486 2431 671 2495 emendatio.
718 2428 943 2513 Praeterquam
977 2432 1062 2494 enim
1096 2435 1179 2518 quod
1211 2440 1356 2500 omnibus

378 2568 435 2632 pro
457 2568 565 2610 omnes
587 2545 684 2608 nimie
707 2544 855 2607 audacior
878 2543 1085 2608 subeiiiuium
1106 2550 1204 2631 puio,
1238 2547 1355 2614 looniio

378 2666 621 2728 coretumeiiosus
655 2663 847 2724 mirabiliter
869 2663 1031 2740 ferebatur
1053 2681 1110 2744 pro
1133 2665 1224 2726 valde
1245 2673 1355 2728 contu-

377 2781 524 2842 meiiosns
535 2781 728 2841 dicebatur'a
738 2773 874 2840 Senecae
889 2775 1048 2841 scribendi
1070 2797 1185 2860 genere
1198 2777 1352 2844 abhorrei.

325 2951 329 2958 .
375 2893 512 2957 Haasius
535 2891 648 2958 edidii:
671 2895 835 2971 ferebatur
853 2897 957 2954 omnis
980 2895 1090 2974 aliqua
1114 2901 1191 2955 nota
1205 2898 1353 2974 feriendi.

377 3007 477 3084 Quam
499 3007 669 3070 lectionem
688 3007 778 3068 exira
793 3027 899 3068 meum
911 3004 1023 3070 saliem
1035 3007 1143 3071 cadere
1156 3009 1354 3074 intellectum

377 3121 507 3186 candide
536 3121 694 3184 confiieor.
729 3117 839 3182 Potius
863 3118 1065 3196 crediderim,
1089 3117 1241 3186 Senecam
1255 3123 1354 3208 scrip-

374 3238 469 3300 sisse:
522 3237 552 3298 G.
591 3237 706 3296 Caesar
717 3280 812 3295 .....
857 3237 1120 3312 contumeliosae,
1163 3241 1353 3302 mirabiliter

373 3356 500 3434 furebat
523 3356 559 3414 iri
582 3371 689 3412 omnes
711 3351 821 3429 aliqua
843 3357 919 3410 nota
941 3353 1110 3429 feriendos,
1134 3354 1200 3432 ipse
1213 3359 1352 3417 materia

375 3473 460 3530 risus
483 3468 719 3547 beaiqaissima.
748 3460 808 3525 Oui
829 3463 960 3527 lectioni
982 3485 1076 3548 qnam
1099 3467 1350 3534 maximcfavere

375 3584 455 3648 mihi
478 3582 636 3658 videniur,
660 3600 738 3664 quae
761 3579 908 3664 deinceps
931 3581 965 3644 in
988 3581 1046 3645 hoo
1068 3579 1142 3666 Cap.
1166 3582 1325 3668 leguntur.

757 3781 924 3789 -—

639 3939 759 4004 ordros.
776 3938 801 4000 ΙΙΙ
819 3940 844 3998 S·
861 3936 900 3998 DE
917 3936 963 3998 nr
981 3935 1035 3997 na.
1053 3937 1068 3996 Ι.

416 4141 449 4204 0.
478 4144 506 4220 1,
532 4143 571 4207 7:
618 4142 681 4204 Nec
702 4143 810 4218 iqnoro
832 4142 947 4197 ceteros
981 4153 1099 4212 qnoque
1121 4133 1265 4212 adfectus
1289 4137 1344 4197 via

371 4260 531 4334 occuliari,
554 4259 718 4320 libidinem
741 4258 921 4330 metumque
944 4257 974 4310 ei
997 4251 1169 4312 audaciam
1191 4252 1269 4312 dare
1292 4255 1343 4314 sni
