3190 5114
730 497 770 562 73

264 731 316 773 me
338 713 412 772 dius
434 710 548 790 fidius,
579 709 634 769 vin
656 703 782 768 videtur
805 713 850 767 tot
873 726 939 782 res,
963 713 1031 766 tam
1053 705 1242 785 dissipatas,

262 835 329 888 tam
363 801 557 887 distantibus
587 826 623 883 in
644 823 718 884 loeis
738 826 875 902 positas,
909 829 977 883 tam
1000 825 1061 882 cito
1084 822 1244 882 absorbere

257 946 416 1024 potuisse,
441 940 475 1004 in
498 939 611 1024 quibus
635 947 703 1002 tam
727 944 899 1021 -positas
921 959 939 1000 s
962 936 1162 1023 grammatici
1187 957 1243 998 ne-

260 1059 326 1122 seio
354 1057 444 1121 ouius
466 1078 563 1119 manu
597 1055 737 1139 prolecta
771 1055 906 1132 eonium,
929 1054 1026 1118 nimis
1049 1053 1179 1118 solliciti
1201 1073 1242 1116 ne

260 1178 432 1256 dissipatas
467 1172 496 1236 h.
522 1171 543 1235 l.
579 1176 715 1254 effusus,
750 1181 954 1254 consumptas
988 1171 1091 1236 valere
1115 1173 1242 1255 putare-

258 1312 337 1355 mus.

255 1443 257 1450 ·
304 1403 343 1469 In
377 1403 486 1468 eadem
521 1401 607 1466 Oret.
646 1405 697 1466 28.
735 1405 776 1468 68
800 1402 877 1467 hsee
899 1403 1067 1488 leguntur:
1115 1408 1243 1468 Necesse

259 1530 319 1599 est,
353 1525 499 1603 quamuis
522 1525 582 1596 sis,
614 1528 651 1582 ut
675 1542 724 1596 es,
756 1522 912 1583 uiolentus
936 1529 965 1610 et
988 1523 1119 1600 furens,
1143 1543 1243 1601 quum

260 1639 316 1698 tibi
349 1638 465 1698 obiecta
500 1635 543 1697 sit
575 1637 690 1715 speeies
721 1636 895 1714 sinpularis
918 1639 998 1713 viri,
1031 1639 1243 1716 perterritum

259 1753 298 1812 de
321 1771 429 1812 somno
452 1753 601 1824 excitari,
625 1753 736 1827 furere
759 1753 859 1811 etiam
882 1769 975 1831 saepe
989 1752 1185 1830 vipilantem.
1199 1783 1243 1797 -

260 1864 418 1950 Displicet
452 1863 600 1948 repetitio
635 1862 724 1927 verbi
757 1864 870 1928 furere.
928 1868 1051 1929 Furens
1086 1865 1243 1929 intactum

260 1980 504 2066 relinquendum
539 2001 667 2057 oenseo,
702 1979 756 2043 sed
790 1985 901 2060 furere
924 1980 1002 2063 quin
1024 1981 1244 2046 emendatione

261 2102 352 2184 egeat
378 2098 430 2161 vix
454 2096 573 2161 dubito.
608 2095 726 2172 Quidni
750 2098 905 2159 oratorem
928 2101 1057 2160 horrere
1080 2097 1244 2181 scripsisse

262 2213 478 2296 suspicemur,
502 2209 585 2293 quod
607 2209 773 2274 verborum
796 2212 982 2273 contextum
1005 2210 1164 2294 requirere
1188 2233 1244 2293 sp-

262 2330 373 2413 peret?
398 2364 441 2376 -
463 2326 503 2390 In
538 2325 679 2389 eiusdem
713 2326 827 2409 ospitis
861 2327 878 2410 ᾖ
913 2327 954 2391 69
985 2325 1120 2410 legitur:
1155 2331 1246 2408 teupi

262 2451 368 2527 factus
403 2453 467 2507 est:
502 2446 593 2506 illam
625 2465 719 2507 suam
743 2465 817 2506 suas
840 2467 889 2506 res
914 2448 972 2506 sibi
994 2447 1109 2508 habere
1131 2450 1225 2508 iussit
1232 2469 1245 2524 ;

262 2584 356 2647 quum
389 2559 463 2626 Ood.
519 2559 599 2624 Ven.
640 2559 809 2624 lectionem
847 2561 893 2623 ite
929 2561 1071 2646 plerique
1109 2560 1245 2625 editores

263 2678 429 2743 emendare
464 2677 569 2740 eonati
594 2678 685 2752 sunt,
717 2677 754 2737 ut
776 2677 847 2759 post
870 2678 960 2737 illam
984 2675 1161 2738 insererent
1184 2681 1245 2738 mi·
1280 2678 1285 2686 '

264 2814 362 2856 mam.
410 2789 522 2854 Malim
554 2811 610 2873 pro
642 2792 733 2852 illam
763 2787 955 2852 substituere
978 2791 1151 2852 mimulam
1174 2788 1243 2853 ooll.

266 2907 317 2970 25.
351 2907 410 2970 61:
463 2908 580 2968 Venisti
604 2906 837 2980 Brundisium,
873 2907 909 2966 in
932 2907 1042 2966 sinum
1065 2906 1193 2984 quidem
1217 2912 1247 2966 et

265 3030 300 3087 in
323 3026 523 3105 complexum
546 3031 622 3086 tuae
645 3023 809 3084 mimulae.

309 3139 349 3204 In
384 3137 503 3204 Antan.
539 3137 579 3203 V.
617 3142 650 3214 2,
688 3140 724 3203 6:
782 3142 828 3202 Tu
862 3143 961 3202 sivan
995 3142 1184 3203 sceleratum
1218 3150 1248 3202 et

263 3261 427 3340 perditum
460 3259 625 3321 Gallorum
658 3265 687 3318 et
713 3258 950 3320 Germanorum
970 3261 1126 3338 pecunia,
1157 3260 1247 3339 pedi-

266 3380 355 3448 tatu,
379 3374 540 3452 equitatu,
565 3375 662 3452 copiis
685 3375 851 3435 instruas?
877 3377 917 3420 —'-
941 3371 1014 3435 Erit
1036 3371 1169 3435 fortasse
1193 3373 1248 3456 qui
1362 3373 1364 3378 ’

267 3490 363 3567 copiis
394 3482 564 3548 delendum
595 3488 738 3564 censeat,
770 3487 958 3570 praesertim
981 3509 1079 3571 quum
1103 3509 1247 3571 respexe-

267 3600 310 3662 rit
343 3600 401 3684 ΕΡ.
437 3598 476 3660 ed
509 3598 596 3662 Fam.
628 3598 699 3663 XV.
726 3604 763 3678 4,
788 3603 825 3664 6:
849 3604 1026 3664 adolescens
1050 3611 1080 3664 et
1103 3608 1249 3684 equitatu
1316 3589 1324 3608 ’

268 3726 298 3779 et
326 3719 475 3798 peditatu
506 3724 535 3778 et
559 3722 697 3798 pecunia
718 3726 865 3799 paratus.
913 3715 974 3782 Sed
997 3723 1093 3799 copiis
1116 3719 1249 3784 retineri

268 3853 374 3916 posse,
398 3831 563 3896 dummodo
584 3837 766 3915 peditatus,
790 3839 951 3915 equitatus
974 3855 1046 3918 gen.
1073 3855 1156 3899 essu.
1182 3857 1249 3900 eor-

268 3948 406 4026 rexeris,
438 3949 653 4033 fragmentum
685 3949 774 4014 docet
805 3947 856 4012 Or.
880 3971 938 4033 pro
959 3949 1093 4015 Fonteio
1116 3950 1182 4032 IV,
1212 3954 1249 4017 8:

269 4066 438 4127 Frumenti
474 4071 638 4131 mamimus
674 4087 839 4130 mumerus
873 4089 889 4129 e
927 4069 1050 4145 Gallia,
1085 4073 1250 4150 peditatus

270 4183 488 4261 amplissimae
510 4189 617 4263 copiae
640 4207 656 4246 e
681 4186 799 4261 Gallia,
824 4187 941 4264 equites
964 4205 1098 4248 numero
1113 4188 1251 4267 plurimi

271 4317 287 4357 e
313 4298 427 4360 Gallia.

1079 4417 1118 4481 10
