3190 5114
826 513 882 558 xv1

399 688 477 751 Illud
498 695 670 776 extremum
690 699 750 762 est,
773 691 815 752 mi
836 693 943 755 leotorl
965 701 1001 755 ut
1022 711 1191 756 asseverem
1214 694 1279 770 tibi,
1301 715 1340 756 ne
1427 699 1429 706 '

358 840 515 900 minimam
546 839 669 920 quidem
700 860 785 922 spem
816 863 865 903 me
886 845 1003 918 fovere,
1039 846 1179 908 omnibus
1200 847 1341 908 amenda-

357 992 491 1055 tionibus
511 994 614 1056 album
635 1001 666 1055 te
687 1013 752 1056 esse
773 995 921 1057 calculum
941 996 1141 1058 adiecturum.
1178 996 1245 1058 Etsi
1259 998 1340 1059 enim

357 1146 438 1208 haud
458 1147 583 1227 exigam
603 1148 739 1210 locorum
759 1168 903 1210 numerus
924 1154 982 1223 est,
1005 1151 1037 1211 in
1059 1149 1169 1231 quibus
1189 1151 1339 1231 corrigen-

358 1303 404 1363 dis
423 1302 559 1364 criticam
579 1302 757 1364 facultatem
772 1309 913 1384 expertus
925 1323 1006 1377 sum,
1028 1310 1146 1379 tamen,
1162 1303 1236 1383 quid
1251 1323 1339 1366 verus

356 1465 389 1519 et
415 1459 548 1520 sincerus
568 1457 709 1520 literatus
729 1457 821 1519 iudex
841 1464 997 1539 praestare
1018 1457 1140 1529 debeat,
1163 1457 1263 1519 adhuc
1282 1478 1338 1540 per

356 1603 514 1693 caliginem
537 1613 630 1674 video.
662 1614 769 1694 Itaque
790 1613 856 1674 fieri
877 1613 1004 1694 poterit,
1023 1622 1058 1675 ut
1073 1614 1216 1676 nonnulla
1230 1615 1338 1695 depre-

355 1765 480 1840 hendas,
494 1765 526 1825 in
546 1763 656 1843 quibus
676 1765 722 1824 vel
744 1771 809 1825 toto
831 1764 912 1826 coelo
934 1764 1115 1840 erraverim,
1137 1766 1339 1845 volquaeme

354 1925 390 1978 ut
409 1935 478 1978 mea
497 1916 666 1978 fefellerint.
710 1914 757 1976 Sit
777 1916 828 1976 ita.
857 1915 1027 1976 Dummodo
1049 1915 1204 1977 interdum
1228 1917 1336 1980 saltem

355 2087 420 2132 rem
440 2089 495 2132 acu
516 2089 565 2131 me
584 2070 721 2149 tetigisse
734 2069 905 2150 agnoveris,
926 2070 1002 2132 mihi
1015 2072 1088 2134 satis
1102 2091 1253 2155 superque
1268 2075 1334 2136 erit.

396 2221 545 2304 Longiore
565 2223 752 2305 praefatione
766 2231 798 2283 te
814 2223 982 2285 obtundere
995 2225 1073 2289 nolo.
1105 2223 1137 2285 Si
1152 2224 1234 2286 enim
1248 2226 1336 2307 plura

354 2377 519 2450 fabularer,
552 2393 734 2456 magnopere
758 2375 923 2449 verendum
944 2383 1040 2451 esset,
1073 2397 1112 2438 ne
1132 2396 1167 2438 ea
1188 2378 1265 2459 ipsa,
1297 2379 1335 2440 ad

354 2526 447 2589 libelli
467 2543 639 2587 mensuram
661 2533 848 2606 comparata,
883 2523 999 2588 iustum
1020 2528 1144 2590 modum
1166 2529 1335 2594 excederet.

390 2745 527 2797 Scribebam
545 2746 699 2807 Davenlriae,
718 2748 777 2816 ipris
796 2733 879 2800 Idibao
896 2747 1019 2814 Aprilibua
1037 2763 1059 2798 a.
1080 2749 1153 2803 1870.
