3190 5114
851 499 893 559 48

379 700 459 761 estu.
507 695 630 763 Deinde
658 699 735 764 haee
758 702 949 783 sequuntur:
1000 700 1201 780 Usurpabont
1223 703 1359 782 pluriam

379 817 477 877 istam
510 814 559 876 illi
593 835 710 896 paoem
739 819 900 895 principes
922 818 976 896 qui
998 816 1082 879 obire
1103 835 1169 878 non
1191 824 1357 896 poterant:

380 932 583 1010 usurpabant
616 938 726 992 autern
762 935 810 993 ita
845 939 882 993 ut
905 933 1044 993 domitas
1068 934 1251 1012 fractosque
1274 933 1361 994 cluu-

377 1049 453 1107 stris
486 1048 574 1123 feras
607 1066 644 1107 ac
667 1047 783 1107 deinde
805 1049 841 1106 in
864 1049 1008 1125 ipsorum
1031 1048 1157 1124 quidem
1180 1046 1358 1107 ludibrium

378 1165 508 1224 emissos
540 1165 678 1224 mentito
712 1165 885 1242 capacitate
918 1162 1106 1242 oolliperent.
1134 1158 1357 1244 —Displicet

377 1277 527 1341 ultimum
550 1276 690 1341 verbum.
738 1274 922 1362 Significat,
954 1276 1062 1354 credo,
1085 1276 1246 1360 principes
1268 1275 1355 1354 illos,

377 1392 513 1459 mollitie
543 1394 676 1471 tractos,
712 1392 846 1457 domitas
875 1394 958 1457 feres
982 1393 1017 1456 in
1039 1414 1138 1457 unum
1161 1391 1265 1457 locum
1288 1414 1357 1458 coe·

376 1508 470 1594 gisse.
518 1505 552 1572 Si
585 1529 658 1572 vero
688 1508 828 1573 ferasin
851 1530 951 1573 unum
974 1509 1079 1573 locum
1103 1511 1277 1593 coegerunt
1298 1509 1357 1573 hoc

377 1645 413 1689 eo
446 1627 531 1690 certe
561 1625 705 1690 feceruut
737 1625 886 1704 consilio,
920 1629 958 1689 ut
989 1625 1136 1709 deinceps
1160 1645 1212 1688 ees
1235 1624 1357 1687 interfi-

377 1742 495 1805 cerent.
520 1737 671 1803 Desidere
686 1740 792 1823 itaque
805 1739 952 1818 verbum,
975 1741 1105 1824 quohoc
1117 1740 1222 1823 ipsum
1233 1737 1356 1822 siguifi-

378 1861 475 1922 cetur.
489 1856 615 1942 Inspice
628 1858 734 1921 eutem
746 1854 931 1921 Suetonium
944 1857 979 1921 in
990 1857 1057 1923 vite
1068 1855 1246 1922 Domitiani
1257 1875 1282 1918 e.
1297 1854 1355 1917 19:

379 1975 533 2037 Centenus
558 1978 643 2036 corii
665 1977 788 2055 penoris
811 1977 899 2052 feros
923 1993 1015 2054 saepe
1037 1978 1073 2035 in
1095 1974 1215 2035 Albano
1237 1990 1356 2033 secessu

377 2093 594 2173 conficientem
617 2085 864 2173 [Domitianum]
888 2097 1064 2168 spectauere
1086 2090 1235 2168 plerique.
1273 2082 1356 2148 satis
1392 2123 1398 2136 ·

378 2205 519 2281 constet,
553 2206 591 2266 ut
624 2203 690 2266 fere
723 2204 791 2266 tote
814 2202 955 2266 oratione
979 2204 1025 2267 sic
1047 2203 1106 2267 hoe
1128 2223 1250 2287 quoque
1272 2200 1356 2276 loco,

377 2317 535 2396 Plinium,
559 2317 682 2401 quoties
705 2315 743 2380 de
766 2317 907 2400 priorum
930 2318 1111 2402 principum
1133 2317 1239 2401 pravis
1262 2315 1357 2378 mori·

377 2435 435 2499 bus
458 2437 548 2519 eget,
572 2433 610 2497 ud
633 2430 852 2500 Domitianum
875 2433 1022 2498 alludere.
1056 2433 1155 2510 Quem
1178 2434 1218 2500 ob
1232 2452 1358 2498 causum

372 2550 463 2626 eth.
488 2549 509 2613 l.
557 2545 707 2612 Suetonio
741 2547 819 2613 duee
854 2554 1039 2633 conficerent
1073 2549 1242 2635 legendum
1269 2551 1355 2631 puto.

377 2664 423 2730 of.
458 2663 543 2731 Suet.
576 2661 683 2727 claud.
710 2665 769 2742 21,
805 2664 861 2728 ubi
884 2665 1072 2730 conficiendi
1094 2663 1226 2731 verbum
1248 2661 1356 2728 eodem

377 2806 471 2850 sensu
493 2786 679 2867 usurpatum
700 2781 831 2848 videbis.
