3190 5114
259 713 421 770 remissior
461 708 598 790 pressius
636 708 784 782 secutus,
828 703 1025 786 scripsisset:
1079 704 1240 763 Hodierno

259 826 311 886 die
344 845 398 904 spe
433 827 535 886 nescio
569 844 632 904 quo
663 826 752 903 pacis
787 823 904 882 obiecto
927 821 1089 880 remissior
1112 822 1243 878 serame

259 941 334 1018 fuit.

303 1052 343 1117 In
374 1052 493 1118 Antan.
528 1052 619 1118 VIII.
657 1056 686 1116 2.
726 1054 745 1117 7
756 1073 763 1115 :
815 1054 930 1115 Utrum
959 1053 1015 1111 hoc
1037 1049 1153 1110 bellum
1177 1065 1243 1106 reon

260 1173 333 1231 est?
386 1172 497 1231 Etiam
531 1177 661 1233 tamtum
695 1170 831 1243 bellum,
870 1173 1029 1247 quomam
1063 1155 1243 1242 numquam

260 1289 335 1365 fuit.
386 1288 502 1350 Ceteris
525 1291 612 1350 cutm
633 1287 739 1361 bellis,
763 1287 967 1363 marimeqae
989 1281 1147 1354 civilibus,
1172 1297 1243 1339 core·

261 1405 435 1462 tentionem
470 1406 519 1463 rei
549 1403 695 1482 publicae
728 1419 826 1461 causo
860 1399 1005 1477 faciebat.
1053 1396 1143 1457 Sulla
1169 1415 1243 1456 oum

261 1518 400 1597 Sulpicio
434 1521 473 1579 de
496 1523 568 1580 iure
589 1519 713 1598 tegam,
748 1537 827 1600 quos
848 1537 907 1596 per
930 1519 996 1576 vim
1019 1515 1129 1576 consul
1152 1513 1243 1574 Salio

260 1636 342 1696 latas
377 1657 440 1698 esse
470 1638 613 1714 dicebot;
649 1637 850 1698 Cianorum
876 1636 1003 1698 Octavio
1026 1635 1065 1696 de
1087 1651 1243 1693 novorum

260 1753 379 1813 civium
416 1754 602 1832 suffragiim
637 1773 751 1815 rursus
785 1773 859 1814 cum
894 1752 996 1812 Mario
1031 1756 1061 1810 et
1105 1749 1244 1810 Carbone

261 1868 351 1930 Sulla
374 1875 443 1928 cett.
473 1903 507 1912 —
532 1863 607 1929 Non
629 1887 692 1929 uno
714 1865 794 1929 vitio
816 1866 894 1929 haec
918 1863 1059 1927 laborare
1082 1860 1240 1925 videntur.

259 1982 331 2046 Etsi
365 1982 452 2046 enim
486 1983 598 2066 negari
632 1983 745 2067 nequit
778 1993 891 2047 utrum
927 1983 962 2045 in
992 1980 1242 2064 interrogatione

260 2100 422 2163 interdum
456 2100 502 2162 ita
536 2103 723 2185 usurpatum
755 2123 839 2179 esse,
874 2103 910 2163 ut
941 2123 985 2163 ore
1008 2100 1114 2163 vel-oe
1137 2100 1173 2161 in
1196 2120 1243 2161 se-

259 2217 430 2300 quentibus
465 2216 681 2294 omitteretur,
717 2220 823 2280 tamen
859 2239 925 2281 non
946 2216 1040 2281 facile
1063 2214 1243 2299 exemplum

260 2311 404 2394 invenies
439 2329 699 2414 interrogationis
737 2332 922 2415 negativae,
958 2351 1037 2414 quae
1071 2351 1170 2414 quum
1204 2328 1243 2392 ab

256 2453 368 2508 utrum
392 2444 546 2527 incipiat,
571 2466 656 2529 seqq.
689 2468 733 2508 on
763 2446 814 2509 vel
838 2469 894 2509 -ue
917 2449 1031 2510 careat.
1079 2444 1157 2509 Voc.
1182 2450 1243 2509 bel-

260 2563 330 2624 lum
349 2560 431 2624 male
454 2561 627 2643 repetitum
650 2561 713 2623 ianr
736 2559 890 2625 Lambino
912 2560 1086 2645 displicuit.
1134 2565 1244 2624 Etiam

174 2671 175 2678 ἵ
260 2679 413 2741 commate
450 2700 468 2740 a
498 2697 583 2761 seqq.
616 2675 878 2761 distinguendum
902 2677 1066 2752 existimo,
1102 2678 1138 2738 ut
1160 2678 1244 2740 affir-

259 2795 431 2857 mationem
463 2795 571 2870 notet,
607 2813 668 2876 qua
702 2790 904 2875 praecedenti
928 2791 1171 2875 interrogationi
1194 2813 1243 2854 re-

261 2907 458 2993 spondeatur.
508 2907 584 2972 Voc.
623 2910 712 2972 Sulla
746 2927 842 2992 parvo
877 2905 1045 2970 intervallo
1071 2909 1243 2990 repetitum

260 3045 325 3088 uon
347 3024 461 3088 leviter
483 3007 625 3088 offendit.
665 3023 823 3108 Equidem
846 3027 917 3107 post
939 3023 1129 3107 praecedens
1153 3029 1243 3090 Salio

261 3161 327 3203 voc.
363 3143 471 3204 consul
505 3140 628 3204 librarii
650 3140 850 3225 negligentia
873 3141 1004 3224 periisse
1028 3142 1165 3220 conicio,
1200 3145 1242 3206 si·

261 3256 442 3320 militudine
466 3278 550 3344 seqq.
575 3258 739 3321 literarum
761 3261 901 3322 comoed·
924 3258 1057 3340 decepti.
1091 3257 1243 3343 Sequenti

261 3377 368 3437 consul
393 3375 482 3437 Sulla
503 3387 603 3457 'aequo
627 3375 733 3438 animo
756 3396 861 3438 cerere
884 3396 1059 3458 possumus.
1092 3374 1137 3439 At
1152 3400 1242 3462 prae·

261 3490 348 3553 terea
381 3489 458 3552 haec
489 3490 644 3571 posterior
666 3467 825 3553 sententia
848 3488 943 3554 verbo
967 3492 1068 3567 caret,
1104 3491 1168 3553 nisi
1190 3497 1243 3571 fo-

261 3609 360 3668 etebat
393 3605 539 3670 elicietur
561 3627 600 3669 ex
623 3604 900 3691 praecedentibus,
936 3605 1018 3690 quod
1041 3605 1129 3684 vide,
1165 3629 1243 3671 num

262 3723 308 3785 ita
341 3723 410 3786 fieri
445 3723 561 3807 possit,
597 3726 633 3787 ut
666 3744 731 3787 non
757 3723 846 3786 valde
871 3725 1114 3806 contorqueatur
1137 3729 1170 3786 et
1193 3725 1243 3787 in-

262 3824 421 3923 fringatur
443 3840 552 3903 cretio.
601 3839 685 3914 Quae
709 3860 807 3922 quum
830 3839 876 3902 ita
899 3838 979 3916 sint,
1009 3838 1086 3902 haec
1108 3839 1243 3922 legenda

262 3956 427 4021 videntur:
479 3961 593 4022 Utrum
616 3960 827 4034 tortellum,
850 3978 892 4020 an
914 3978 980 4018 more
1003 3961 1073 4018 esti
1115 3960 1242 4034 Etiam,

262 4083 409 4151 tontum,
439 4083 604 4158 'quantum
631 4095 810 4158 numquam
833 4077 908 4153 fuit.
958 4074 1075 4134 Ceteris
1098 4078 1184 4135 em'm
1208 4073 1243 4134 in

262 4193 366 4267 tellis,
390 4195 594 4275 murimeque
616 4195 759 4255 civilitas
782 4193 1014 4253 contentionem
1038 4192 1244 4270 reipublicae

263 4328 360 4370 causo
394 4310 571 4387 faciebant,
607 4310 644 4370 ut
680 4310 770 4372 Sertlo
803 4307 912 4371 consul
943 4329 1016 4370 cum
1040 4309 1181 4389 Sulpicio
1204 4313 1242 4371 de
