3190 5114
736 507 830 567 41·

267 709 470 795 quamobrem
504 715 681 774 acerrimus
713 711 945 776 resliiuendum
974 715 1045 777 erit.
1092 712 1139 778 Of.
1163 715 1194 778 h.
1220 737 1245 780 e.

267 827 285 910 ς
310 827 345 890 7:
364 830 540 889 ,novissime
558 828 705 906 pluribus
728 832 840 906 recita,
864 850 902 892 aa
924 833 952 891 si
975 833 1052 910 quid
1067 834 1248 900 mihicred-

266 944 307 1018 is‚
331 944 486 1002 acerrime
508 942 647 1002 emenda.
1030 1017 1032 1022 Ι
1060 939 1062 942 ’

310 1053 400 1119 VIII.
428 1057 462 1134 1,
488 1059 507 1119 3
530 1055 607 1120 haee
629 1055 797 1140 leguntur:
827 1061 876 1120 Ad
893 1063 949 1121 hoe
965 1061 1136 1123 salubritas
1149 1064 1245 1140 caeli,

140 1205 148 1218 ·
264 1191 415 1246 secessus,
450 1175 537 1250 quies
571 1178 701 1234 tautum
736 1173 849 1235 salutis
882 1181 1043 1254 quamtum
1077 1179 1135 1236 otii
1154 1178 1246 1255 polli-

264 1295 391 1364 cemur,
423 1306 502 1369 quae
525 1286 571 1348 iba
595 1286 761 1351 scribenda
785 1290 876 1352 sunl:
923 1291 971 1352 Ad
994 1294 1053 1352 hoe
1075 1293 1245 1354 salubritas

263 1406 358 1482 caeli,
385 1391 519 1467 secessus
542 1408 630 1484 quies
652 1412 781 1467 tautum
806 1407 919 1469 salutis
942 1415 1011 1468 eett.
1038 1444 1079 1454 --
1104 1409 1245 1472 Secessus

263 1520 367 1602 genet.
393 1539 482 1582 casus
505 1526 562 1583 est.

308 1629 398 1696 VIII.
424 1633 463 1710 8,
488 1637 528 1696 4:
575 1635 678 1714 Ripae
699 1637 833 1712 sraaiuo
856 1635 980 1710 multa,
1004 1637 1108 1697 multa
1127 1639 1244 1716 populo

263 1747 465 1828 uestiuutur,
495 1771 574 1831 quas
600 1755 789 1832 perspicuus
813 1755 919 1812 amuis
943 1759 978 1812 ut
1002 1733 1124 1814 mersas
1145 1756 1245 1814 uiridi

264 1870 404 1946 imayiue
426 1870 629 1929 adnumerat.
649 1903 687 1911 —
703 1862 826 1928 Horum
849 1864 1015 1928 verborum
1030 1885 1140 1928 sensus
1155 1865 1244 1931 nullo

263 1982 354 2046 modo
388 1981 529 2065 intelligi
560 1982 680 2064 polest,
714 1980 778 2042 nisi
808 1980 911 2044 deleto
933 1985 1129 2045 adnumerat
1151 1983 1244 2045 resti·

264 2100 374 2164 luatur
396 2119 470 2167 vera
492 2096 587 2160 lectio
609 2096 790 2158 adumbrat.
908 2171 910 2175 ι

310 2213 413 2280 Simili
436 2213 551 2278 menda
572 2212 756 2276 obscuratur
779 2211 865 2276 locus
889 2212 923 2274 in
943 2211 1092 2295 Epistula
1103 2207 1252 2278 eiusdem

265 2331 339 2395 libri
365 2332 423 2408 10,
451 2333 488 2393 1:
515 2333 582 2406 Quo
605 2335 707 2410 mauis
730 2335 819 2410 cupis
842 2352 882 2392 ee
901 2332 1244 2410 uobisprauepotesui-

265 2451 355 2526 dere,
397 2452 454 2511 hoe
491 2451 614 2509 tristior
650 2449 761 2510 audies
801 2455 928 2527 ueptem
968 2455 1059 2527 tuam
1097 2449 1244 2510 abortum

265 2567 389 2643 fecisse,
425 2567 504 2627 dum
538 2585 570 2625 se
592 2572 825 2643 praequautem
849 2585 913 2626 esse
932 2566 1123 2644 puellariter
1145 2569 1245 2628 ueseit

266 2701 302 2742 aa
323 2702 381 2760 per
403 2683 459 2742 hoe
481 2682 640 2759 quaedam
663 2681 869 2741 custodienda
884 2682 1135 2759 praeyuautibus
1150 2685 1244 2743 omit·

266 2797 321 2869 tit,
357 2795 436 2871 facit
470 2790 655 2854 amittmda.
705 2794 804 2866 Quem
839 2813 978 2854 errarem
1005 2799 1130 2874 maquis
1150 2797 1244 2858 deeu-

265 2911 382 2968 meutis
413 2910 556 2987 eupiauit
578 2909 614 2966 iu
638 2926 802 2968 summum
823 2907 1004 2987 periculum
1028 2908 1175 2970 adducta.
1202 2944 1244 2956 -

265 3021 305 3086 In
338 3023 388 3086 his
410 3027 607 3086 documeutis
630 3020 706 3104 quid
728 3021 888 3105 significet
910 3042 1004 3085 nemo
1026 3021 1119 3086 facile
1143 3023 1244 3106 expli·

266 3139 359 3204 babil.
418 3136 645 3223 Oomigendum
683 3137 731 3199 est
769 3142 957 3214 tormeutis‚
995 3159 1056 3220 quo
1093 3138 1244 3204 vobabulo

265 3252 365 3317 Plinii
404 3252 548 3337 aequales
594 3252 777 3335 saepissime
823 3251 996 3316 utebantur
1041 3252 1081 3315 ad
1122 3252 1243 3318 dolores

267 3371 404 3455 eorporis
428 3369 671 3454 significandam
699 3369 737 3433 af.
762 3366 846 3432 Plin.
871 3366 912 3430 H.
930 3365 971 3431 N.
987 3367 1057 3432 XX.
1077 3374 1114 3448 4,
1137 3369 1241 3436 XXII.

267 3490 326 3566 22,
350 3485 436 3552 Suet.
461 3486 529 3550 Tib.
555 3488 597 3551 62
620 3488 653 3549 et
675 3486 742 3570 ipse
765 3488 872 3550 noster
894 3486 953 3569 ap.
978 3485 1007 3564 Ι,
1034 3489 1091 3565 12,
1116 3489 1145 3553 6.
1329 3488 1331 3493 ’

310 3603 400 3670 VIII.
428 3608 486 3684 12,
524 3607 557 3667 l:
603 3603 756 3690 [Titinius
784 3601 910 3686 Capito]
933 3606 1005 3666 colit
1028 3609 1153 3683 studia,
1177 3613 1244 3670 stu·

265 3727 367 3786 diosas
389 3729 492 3801 amat,
515 3725 612 3800 soret,
636 3723 791 3802 provehit,
818 3721 1056 3802 multorumque
1068 3726 1124 3802 qui
1134 3724 1245 3803 aliqua
1306 3805 1309 3811 Ι

147 3848 150 3853 ’
266 3846 459 3919 eompauuut
479 3846 592 3920 portus
620 3841 710 3899 sirius
730 3840 934 3918 praemium,
969 3842 1115 3901 ommium
1138 3861 1244 3903 auem·

263 3958 371 4037 plum,
395 3960 540 4036 ipsarum
563 3957 698 4034 deuique
717 3955 904 4016 litterarum
927 3957 995 4014 lam
1014 3961 1244 4027 seueseeutium

266 4075 413 4135 reductor
445 4093 482 4134 ae
516 4075 717 4151 reformator.
753 4107 796 4118 -
827 4068 902 4133 Vae.
937 4082 1049 4152 portus
1083 4073 1243 4137 interdum

266 4211 322 4272 per
363 4189 578 4272 metaphoram
615 4190 800 4270 usurpatum
838 4188 1002 4254 invenitur
1035 4190 1100 4254 fere
1135 4191 1243 4269 eadem

268 4306 427 4372 sententia
436 4326 472 4369 aa
479 4310 678 4387 perfuquu,
691 4311 864 4387 refuyium.
879 4300 991 4371 Oieero'
997 4308 1032 4371 in
1041 4306 1093 4373 Or.
1104 4332 1160 4393 pro
1168 4310 1244 4375 an-

1090 4428 1109 4488 6
