3190 5114
832 485 972 546 14.

356 690 433 752 deus
461 687 611 768 producit
634 690 773 768 iupeuia.
801 725 842 734 -
866 687 997 753 Rectius
1020 689 1056 754 ni
1078 689 1170 756 fallor
1193 696 1336 774 inperita

356 802 483 867 scribes.

401 918 435 984 Ο.
468 922 529 999 21,
567 921 604 983 6:
637 919 739 1006 [Bona
773 921 934 1006 voluntas]
954 927 1083 1006 prodest
1106 933 1136 988 et
1158 929 1194 988 in
1217 929 1336 1003 eculeo,

352 1039 481 1118 prodest
507 1046 537 1099 et
560 1042 596 1100 in
619 1042 708 1118 ipae,
732 1043 786 1119 qui
809 1043 837 1101 si
859 1041 994 1121 siupuiis
1008 1044 1158 1105 membris
1169 1046 1338 1106 admorsa·

355 1161 411 1215 tur
434 1162 464 1217 et
484 1156 648 1236 paulatim
671 1147 780 1216 oioum
804 1175 916 1236 corpus
932 1159 1120 1234 circumeat,
1143 1160 1216 1224 licet
1230 1163 1337 1240 ipsum

356 1287 407 1329 cor
427 1270 562 1348 plenum
584 1271 665 1332 bona
687 1273 880 1332 conscientia
903 1271 1013 1331 stillet:
1035 1272 1171 1351 placebit
1190 1274 1238 1336 illi
1257 1272 1337 1354 ipnis

352 1406 412 1466 per
434 1407 526 1467 quem
548 1390 629 1450 bona
652 1390 729 1468 fides
748 1383 931 1450 'conlucebit
945 1384 1075 1451 —Non
1097 1387 1249 1472 intellego
1261 1389 1338 1473 quid

355 1503 398 1567 sit
431 1525 483 1568 cor
513 1504 647 1568 stillans.
692 1502 965 1581 subaudiendum,
1001 1504 1124 1588 inquit,
1158 1506 1336 1587 sanpuiuc;

354 1625 388 1686 at
422 1623 502 1687 scire
536 1624 645 1707 cupio,
679 1613 735 1708 qni
768 1624 837 1687 fieri
871 1623 986 1708 possit,
1020 1626 1057 1686 ut
1088 1644 1140 1686 cor
1162 1607 1336 1687 humanum

354 1738 430 1823 igne
460 1741 585 1805 admoto
609 1742 764 1826 sanguine
788 1741 897 1804 stillet.
946 1738 980 1804 si
1003 1761 1075 1804 cum
1097 1739 1257 1804 Fickertio
1280 1760 1337 1823 pro

354 1877 406 1919 cor
427 1855 654 1921 nonnullorum
675 1856 763 1920 codd.
777 1855 948 1923 lectionem
962 1877 1074 1939 corpus
1086 1855 1215 1938 recipis,
1238 1854 1336 1932 nihil,

324 2055 326 2059 y
354 1973 482 2056 opinor,
517 1972 670 2058 proficies.
718 1970 778 2037 Sed
800 1972 1070 2036 rectcmcmnino
1093 1975 1125 2036 et
1148 1993 1258 2036 senam
1280 1972 1337 2035 he·

353 2089 442 2154 bebis
476 2092 668 2156 sententiam
700 2091 728 2154 si
761 2110 886 2154 mecum
907 2110 963 2173 ppo
987 2092 1084 2153 stillet
1107 2090 1214 2152 nstiict
1238 2088 1336 2172 scrip·

353 2205 441 2268 seris.
904 2268 910 2282 ,

399 2321 433 2386 O.
456 2325 529 2399 28,
567 2325 603 2385 1:
654 2323 715 2384 »Di
749 2343 881 2403 quoquc,
918 2321 1036 2401 inmcit,
1071 2324 1176 2384 multa
1199 2320 1336 2401 inprotis

354 2439 530 2503 tribuunt.'’
586 2440 647 2502 Sed
681 2438 738 2499 iiia
772 2438 861 2500 bonis
892 2416 1111 2519 parauerunt:
1146 2437 1336 2516 continpunt

353 2556 453 2618 etiam
476 2553 584 2630 maiis,
615 2555 689 2634 quia
712 2553 859 2633 separari
881 2574 946 2615 non
966 2560 1109 2634 possunt.
1157 2553 1267 2614 Satius
1290 2559 1336 2614 cst

352 2681 461 2736 autem
495 2675 643 2754 prodesse
680 2672 779 2734 ctiam
819 2672 914 2732 maiis
946 2679 1078 2752 propter
1112 2672 1204 2732 bonos
1238 2689 1333 2749 quam

352 2790 439 2854 bonis
475 2792 578 2852 deesse
609 2796 741 2870 propter
774 2790 884 2850 malos.
931 2789 983 2848 ita
1005 2807 1085 2868 quac
1107 2790 1208 2865 refers
1230 2787 1334 2862 diem,

352 2908 465 2982 sotem,
508 2905 622 2979 hiemis
665 2904 855 2983 aestatisque
893 2923 1005 2966 cursus
1047 2909 1077 2963 ct
1110 2901 1218 2964 media
1251 2903 1334 2964 aeris

351 3022 565 3100 autumnique
599 3026 854 3100 temperamenta
888 3065 985 3081 .....
1018 3038 1078 3098 pro
1101 3018 1259 3080 uniuersis
1283 3017 1334 3080 in-

351 3147 517 3203 uenerunt.
532 3135 770 3220 -Respondet
792 3136 823 3198 h.
848 3134 869 3198 l.
895 3135 1030 3218 scriptor
1054 3135 1107 3211 iis,
1131 3156 1210 3218 quse
1234 3135 1334 3199 inter-

350 3259 524 3323 locutorem
547 3276 639 3318 suum
663 3253 852 3318 obicientem
875 3251 953 3316 facit
976 3254 1033 3329 26,
1059 3255 1092 3314 1:
1113 3241 1175 3316 vrSi
1197 3257 1286 3316 deos.
1302 3299 1331 3314 ..

351 3373 508 3449 imitaris,
541 3375 584 3436 da
607 3379 637 3433 et
660 3370 800 3450 inpiatis
822 3368 989 3450 beneficia:
1020 3389 1100 3431 nam
1123 3381 1152 3431 ct
1175 3369 1333 3432 sceleratis

351 3495 394 3555 soi
429 3492 550 3565 oritur,
586 3496 615 3550 et
647 3488 766 3568 piratis
798 3494 911 3567 potent
934 3485 1073 3548 maria.”
1120 3485 1160 3551 In
1183 3487 1241 3552 hoc
1264 3487 1332 3570 ipsc

349 3627 499 3691 responso
533 3605 640 3668 eutem
663 3625 693 3666 v.
718 3606 813 3665 solem
837 3601 988 3666 vitiosum
1010 3602 1166 3666 existimo.
1214 3598 1333 3665 Seneca

350 3725 419 3788 sine
442 3720 537 3784 dubio
559 3728 683 3782 noctem
707 3718 846 3801 scripsit.

394 3837 428 3902 Ο.
454 3839 512 3915 29,
540 3839 573 3899 l:
601 3837 712 3916 »Erpa
738 3836 856 3915 inquit,
879 3856 936 3897 nec
958 3835 1128 3898 consilium
1144 3835 1334 3898 deliberanti

350 3963 439 4024 dabis
477 3961 604 4039 inprato
641 3976 698 4017 nec
732 3973 850 4033 aquam
885 3953 1018 4013 haurire
1048 3952 1240 4031 permittes?
1275 3973 1332 4015 nec

349 4080 438 4141 uiam
472 4074 598 4138 erranti
629 4070 820 4133 monstrabis
850 4070 998 4149 inprotoi
1021 4066 1085 4129 an’'
1109 4075 1178 4130 cett.
1204 4106 1247 4116 -
1270 4068 1331 4145 Qui

350 4193 401 4260 vel
435 4169 531 4257 sernel
561 4188 638 4252 heec
671 4183 804 4268 legerit,
839 4203 963 4246 mecum
986 4183 1070 4245 certe
1093 4182 1202 4260 faciet,
1234 4206 1332 4268 quum

350 4315 421 4400 post
444 4312 577 4374 haurire
598 4303 722 4370 sitienti
744 4299 897 4366 excidisse
921 4291 1095 4365 contenda'
