3190 5114
825 473 866 535 60

353 674 409 758 qui
431 675 501 738 osio
523 673 659 757 pingues
682 674 848 752 invitatu,
873 674 968 739 simul
983 678 1052 741 osio
1068 697 1190 740 rnaoros
1205 696 1331 762 rogasse

354 791 571 875 suspicemur?

399 905 439 972 In
461 907 527 971 eod.
553 929 619 992 oap.
644 909 661 991 ᾗ
686 909 704 972 6
728 907 863 993 legitur:
886 913 1081 992 proponebat
1100 919 1270 991 praeterea
1285 915 1356 1008 Ιιιέμ

355 1032 446 1113 quasi
482 1033 641 1105 themata,
679 1038 717 1091 ut
754 1033 829 1092 iura
867 1051 949 1092 nova
982 1023 1116 1111 dapidus
1150 1032 1334 1092 condiendis

355 1150 545 1210 invenirent.
581 1150 672 1210 euius
703 1149 874 1228 placuisset
910 1155 1142 1224 commentum,
1177 1151 1206 1209 ei
1240 1149 1334 1209 dabat

356 1266 539 1326 inanimum
568 1267 763 1344 praemium.
791 1297 831 1312 -
855 1261 1061 1327 Manifesium
1084 1263 1133 1326 esi
1155 1265 1339 1325 condimen-

234 1468 236 1472 Ι
357 1385 427 1442 tum
450 1376 622 1463 legendum
646 1399 723 1442 esse.

402 1492 436 1559 0.
462 1495 520 1573 30,
547 1499 583 1559 4:
619 1497 790 1560 Celebravit
813 1500 890 1559 item
913 1497 977 1558 tale
999 1499 1181 1559 convivium
1203 1503 1241 1558 ut
1252 1497 1341 1576 apud

358 1615 475 1674 amieos
511 1613 650 1693 sinpulos
684 1613 803 1693 sinpuli
837 1615 954 1675 missus
996 1621 1255 1693 appararentur,
1293 1619 1340 1688 et,

359 1750 432 1791 euni
463 1730 545 1791 alter
581 1735 725 1791 maneret
759 1731 795 1790 in
827 1729 997 1808 Capitolio,
1033 1730 1114 1790 alter
1137 1731 1173 1790 in
1197 1729 1343 1805 Palatio,

359 1844 441 1905 alter
474 1863 570 1923 super
603 1863 765 1924 apperern,
800 1845 882 1905 alter
916 1847 952 1905 in
989 1844 1109 1919 Caelio,
1145 1843 1226 1929 alter
1249 1850 1340 1903 trans

363 1960 516 2034 Tiberini,
551 1965 588 2044 et
614 1962 803 2043 utquisque
826 1962 1012 2035 mansisset,
1042 1966 1151 2019 tainen
1172 1978 1232 2037 per
1254 1959 1341 2018 ordi-

358 2095 433 2137 nent
467 2077 502 2134 in
537 2094 646 2136 eorum
680 2075 824 2159 domibus
856 2076 983 2155 sinpula
1006 2075 1129 2152 fereula
1151 2075 1339 2147 ederentur,

358 2196 522 2275 ireturque
551 2194 594 2252 ad
623 2195 769 2253 oniniuna
793 2193 908 2253 dorno's.
957 2192 1009 2252 su
1030 2210 1134 2253 unum
1158 2192 1339 2252 convivium

357 2313 410 2372 oia
444 2316 506 2369 toto
538 2311 590 2370 die
611 2311 743 2388 finitum
766 2315 827 2385 est,
863 2308 949 2391 [oum
972 2308 1005 2369 ei
1026 2305 1170 2369 lavaroni
1192 2326 1249 2388 per
1272 2304 1338 2368 sin-

356 2426 432 2512 gula
454 2424 573 2489 {ercule
595 2427 628 2488 ei
651 2422 836 2488 mulieribus
860 2423 1049 2507 utereniur}
1066 2461 1109 2470 -
1124 2419 1231 2486 Verba
1243 2421 1320 2486 haee
1326 2470 1336 2500 ,

355 2563 434 2627 quse
469 2540 559 2606 unsis
583 2539 716 2617 inclusi,
752 2538 962 2624 expungenda
986 2540 1077 2615 suni,
1112 2537 1229 2621 quippe
1253 2536 1334 2600 mela

354 2658 490 2743 repotiis
524 2680 563 2722 ex
585 2658 679 2722 huius
702 2658 816 2742 eapitis
840 2659 857 2742 5
883 2661 919 2722 3:
943 2661 1085 2721 exhibuit
1107 2659 1280 2740 aliquando
1304 2664 1334 2718 et

354 2780 418 2840 tole
451 2781 647 2854 convivium,
682 2786 719 2841 ut
752 2779 879 2839 haberet
912 2779 1027 2857 uipinti
1062 2783 1091 2837 et
1125 2776 1188 2836 duo
1211 2775 1334 2852 fereula

353 2897 535 2974 inpentium
569 2896 756 2976 epularum,
792 2896 846 2958 sed
876 2914 936 2975 per
969 2893 1096 2973 sinpula
1127 2892 1273 2952 lavarent
1304 2896 1334 2951 et

353 3011 540 3072 mulieribus
563 3015 743 3073 uterentur.
1243 2982 1246 2990 Δ

470 3397 475 3408 ’
552 3410 624 3472 ΑΕΗΙ
643 3408 790 3472 [ΑΜΡΒΙΒΙΙ
808 3406 984 3471 semisses
1002 3407 1138 3470 SEVERUS.

396 3591 430 3657 O.
458 3594 515 3671 16,
540 3595 576 3657 3:
622 3596 699 3657 Fuit
725 3601 894 3674 praeterea
924 3595 972 3656 illi
1002 3596 1210 3671 consuetudo,
1245 3599 1333 3676 atsi

351 3716 390 3776 de
425 3716 497 3777 iure
535 3719 594 3775 aut
628 3715 666 3775 de
700 3715 832 3792 nepotiis
867 3718 1038 3789 tractaret,
1074 3713 1152 3774 solos
1177 3713 1280 3774 doctos
1303 3719 1333 3774 et

351 3833 484 3894 disertos
508 3831 687 3906 adhiberet,
723 3832 751 3890 si
774 3849 846 3891 vero
868 3831 907 3891 de
929 3849 964 3890 re
986 3829 1140 3905 militari,
1175 3830 1333 3892 militares

351 3954 471 4010 ueteres
483 3993 580 4010 .....
609 3954 638 4008 et
661 3966 769 4008 ornnes
791 3947 947 4008 litteratos
970 3954 1000 4007 et
1021 3948 1166 4008 unanime
1189 3967 1255 4022 eos,
1278 3950 1333 4030 qui

351 4066 520 4126 historiens
543 4071 671 4126 norant.
698 4099 739 4111 -
763 4058 807 4124 Ni
830 4061 936 4126 omnis
958 4082 1008 4124 me
1031 4059 1165 4140 fallunt,
1189 4066 1331 4125 homines

353 4181 511 4243 litteratos
533 4178 703 4264 legendum
727 4179 782 4241 esi.

394 4294 428 4361 O.
454 4299 514 4376 22,
547 4299 584 4362 6:
630 4299 796 4361 Praesides
827 4299 1072 4377 prouinciarum
1084 4345 1181 4362 .....
1218 4319 1332 4364 niuno·
