3190 5114
296 685 330 754 O.
359 689 418 766 18,
446 690 505 751 ll:
552 691 620 783 Est
640 697 671 750 et
692 691 759 753 alia
782 695 851 758 eius
873 693 1003 772 epistota
1026 712 1092 771 qua
1112 695 1234 771 pretias

251 805 406 866 Ballistae
439 807 504 880 ait,
539 807 575 866 in
608 825 671 884 qua
704 807 808 882 docet,
844 809 902 870 sibi
929 814 1101 886 praecepta
1123 808 1233 887 puber-

250 923 380 982 nandae
413 923 461 982 rei
491 940 524 999 p.
561 921 599 980 ab
622 923 729 982 eodem
752 923 846 998 data,
877 925 1036 1002 pandens,
1060 924 1141 1001 quod
1165 925 1233 984 eius

251 1037 379 1098 consitio
402 1036 529 1098 nulium
553 1037 812 1116 adscripticium,
842 1040 876 1098 id
900 1045 945 1100 est
969 1045 1152 1111 uocantem,
1175 1039 1233 1098 ba-

976 1121 984 1145 Ι

251 1153 333 1212 beret
365 1156 395 1213 et
418 1151 584 1213 tribunum
607 1153 735 1214 nultum
758 1157 962 1232 stipatorem,
997 1157 1052 1232 qui
1074 1173 1139 1214 non
1162 1173 1233 1214 vere

249 1267 371 1345 aliquid
394 1239 509 1346 aperet.
535 1300 575 1311 -—
600 1263 728 1328 Leviter
751 1266 828 1330 haec
850 1266 1015 1351 purganda
1037 1269 1122 1330 eunt.
1162 1264 1232 1329 Pri-

251 1402 337 1444 mum
371 1402 427 1464 pro
461 1386 509 1443 ait
540 1381 667 1464 requiro
701 1386 787 1462 opit,
824 1380 937 1444 deinde
961 1389 1084 1465 etpost
1107 1385 1234 1444 haberet

251 1495 418 1559 delendum
442 1498 505 1572 est,
529 1496 646 1579 quippe
669 1495 751 1578 quod
773 1518 829 1578 per
844 1496 1090 1580 dittographiam
1104 1497 1242 1560 ultimae*
1307 1509 1310 1516 '

251 1612 388 1697 syllabae
422 1615 526 1676 ortum
559 1614 619 1688 sit3
654 1615 724 1676 turn
755 1635 828 1677 vero
860 1636 910 1678 vv.
942 1617 976 1676 id
999 1624 1045 1677 est
1067 1623 1234 1677 vacantem

171 1743 173 1748 ’
251 1728 341 1791 uncis
364 1726 578 1790 includantur.
626 1723 832 1790 Scribendum
855 1748 930 1810 ergo
953 1727 1032 1790 erit:
1061 1731 1142 1808 quod
1165 1731 1233 1790 e'ius

251 1846 377 1906 consilio
400 1845 528 1906 nullum
551 1846 793 1924 adscripticium
814 1845 940 1905 haberet
956 1845 1137 1918 tribunum,
1160 1845 1234 1904 nut-

251 1962 319 2022 tum
342 1964 528 2041 stipatorem
551 1967 620 2022 cett.
662 1956 851 2040 Ascripticii
873 1957 997 2021 tribuni
1020 1957 1129 2021 eodem
1142 1958 1234 2022 modo

251 2051 329 2140 dicti
351 2077 438 2148 sunt,
462 2095 523 2157 quo
546 2074 665 2138 milites
687 2074 876 2156 ascripticii,
901 2072 1069 2156 dequibus
1086 2073 1125 2137 et.
1142 2070 1231 2136 Paul.

250 2189 339 2255 Diao.
364 2213 395 2274 p.
423 2192 480 2267 14,
507 2192 555 2254 13.
1152 2251 1158 2281 Ι

295 2306 328 2372 Ο.
362 2307 421 2383 30,
451 2307 510 2368 ll:
559 2307 641 2380 Quid
675 2307 713 2367 de
747 2307 818 2366 divo
856 2307 988 2367 Claudio
1002 2349 1143 2378 .......
1177 2308 1234 2385 qui

251 2446 338 2486 eam.
354 2472 360 2486 .
376 2471 405 2486 ..
428 2445 543 2504 passus
566 2444 630 2484 esse
652 2425 772 2485 dicitur
795 2426 977 2503 imperaret
1001 2425 1095 2501 idque
1118 2423 1234 2482 occulte

251 2563 288 2604 ac
307 2545 499 2622 prudenter,
523 2548 560 2603 ut
583 2543 640 2601 illa
663 2547 809 2602 seruante
832 2541 996 2616 orientalis
1012 2541 1091 2618 fines
1104 2541 1234 2618 imperii

253 2663 318 2739 ipse
347 2662 490 2720 securius
521 2678 602 2737 quae
631 2661 818 2718 instituerat
846 2662 1056 2736 perpetraret.
1091 2691 1130 2702 —
1155 2651 1233 2718 Sen-

250 2773 354 2836 tentia
376 2772 516 2856 postulat
539 2773 678 2835 consulte
702 2792 737 2833 ac
758 2774 945 2852 prudenter.

296 2888 376 2953 Ibid.
415 2892 455 2953 12
490 2888 673 2974 [Zenobiae]
708 2910 745 2950 ea
779 2893 910 2950 castitas
932 2890 1033 2966 (uisse
1055 2888 1174 2948 dicitur
1196 2893 1234 2947 ut

252 3026 292 3067 ne
325 3008 433 3068 uirum
464 3026 561 3068 suum
591 3006 719 3084 quidem
751 3007 856 3066 scierit
886 3006 951 3066 nisi
974 3005 1138 3082 temptatis
1160 3020 1233 3062 con-

252 3123 453 3202 ceptionibus.
477 3159 518 3166 —
534 3119 656 3182 Horum
681 3119 845 3183 verborum
869 3139 978 3182 sensus
1001 3116 1123 3201 percipi
1145 3115 1233 3179 nullo

103 3263 106 3270 ·
172 3293 173 3298 ,
252 3235 342 3300 modo
388 3235 468 3299 mihi
514 3257 603 3319 posse
641 3234 783 3312 videtur,
821 3234 885 3298 nisi
919 3234 965 3298 ita
999 3232 1232 3297 emendaveris:

244 3355 361 3414 siverit
398 3355 463 3412 nisi
497 3353 709 3430 temptandis,
748 3348 934 3433 praesertim
964 3367 1062 3431 quum
1085 3346 1233 3429 deinceps

252 3469 328 3532 hacc
350 3466 517 3551 leguntur:
541 3489 620 3529 nam
643 3489 716 3530 cum
739 3471 833 3530 semei
856 3470 1084 3542 concubuisset,
1109 3487 1234 3546 exspec-

252 3592 328 3649 tatis
364 3591 537 3649 menstruis
571 3588 749 3648 continebat
783 3608 831 3663 se,
867 3590 894 3648 si
925 3605 1110 3666 praepnans
1137 3592 1231 3662 esset,

251 3708 303 3765 sin
341 3709 471 3779 minus,
517 3707 636 3764 iterum
672 3709 862 3782 potestatem
900 3704 1090 3783 quaerendis
1128 3702 1233 3764 tiberis

252 3820 356 3880 dabat.
397 3856 430 3864 -
467 3814 577 3881 Sinera
610 3816 640 3877 h.
669 3815 690 3878 l.
727 3813 859 3878 eandem
891 3815 957 3878 vim
990 3815 1103 3878 habere
1138 3817 1232 3897 puta,

252 3919 347 4012 quam
371 3931 466 4016 vulgo
488 3931 655 3994 admittere
678 3929 781 3994 habet.

296 4043 376 4108 Ibid.
413 4047 472 4108 18:
518 4049 604 4108 Bibit
638 4067 730 4126 saepe
765 4067 838 4108 cum
871 4048 1018 4121 ducibus,
1052 4066 1126 4107 cum
1156 4053 1234 4108 esset

253 4161 334 4222 atius
368 4163 471 4222 sobria
481 4183 493 4238 ,·
530 4163 605 4222 bibit
640 4170 670 4223 et
704 4181 776 4224 eum
811 4163 917 4223 Persis
939 4167 1033 4240 atque
1054 4162 1233 4238 Armeniis,

256 4283 290 4338 ut
324 4297 373 4342 eos
408 4285 554 4338 uinceret.
590 4299 650 4342 usa
684 4287 729 4342 est
763 4283 847 4354 vasis
870 4283 978 4341 aureis
1000 4283 1168 4358 pemmatis
1190 4283 1234 4342 ad

1081 4395 1100 4456 9
