3190 5114
832 485 871 549 10

543 747 664 810 numa.
682 747 737 809 lib.
754 747 775 808 Χ
793 750 818 811 8.
836 747 876 810 bt
893 747 1059 811 ΒΒΕνΠΛῘΕ
1076 747 1172 811 tritt.

409 919 443 984 Ο.
466 923 503 998 3,
528 924 565 985 2:
588 924 749 1005 Apeduru,
770 927 813 986 ool
828 928 1088 1004 conputationem
1103 933 1241 988 oetatem
1255 933 1348 988 tuom

364 1059 483 1101 revoco.
507 1042 575 1116 dic,
599 1047 759 1120 quoutuui
783 1062 824 1102 ea
839 1043 898 1101 isto
915 1046 1056 1119 tempore
1070 1045 1223 1118 creditor,
1246 1062 1348 1122 quou-

364 1163 435 1217 turu
458 1159 580 1234 uruico,
604 1163 763 1237 querutum
782 1177 857 1232 rere,
880 1164 1041 1236 puoutum
1055 1158 1152 1219 ciieus
1165 1159 1347 1233 abstulerit,

363 1281 524 1354 quautam
559 1276 598 1336 lis
629 1279 765 1350 uocorio,
799 1282 959 1355 quoutum
993 1295 1157 1338 seruorum
1185 1281 1344 1354 coercitio,

363 1400 522 1473 quantum
537 1395 680 1476 officioso
695 1413 755 1474 per
770 1391 880 1454 urbem
896 1395 1095 1454 discursatio.
1113 1387 1266 1475 -Regis
1282 1389 1303 1454 i.
1317 1415 1342 1456 e.

363 1507 490 1590 patroni
512 1504 563 1570 vel
586 1507 681 1572 amici
703 1506 844 1590 potentis
871 1505 1200 1570 commemorationem
1222 1508 1346 1590 quomi-

363 1647 424 1689 nus
445 1625 485 1689 ab
507 1625 577 1708 ipso
597 1622 716 1690 Seneca
739 1625 856 1688 factam
878 1643 946 1686 esse
969 1622 1094 1686 credam
1116 1621 1238 1700 obstat,
1262 1621 1345 1706 quod

364 1742 450 1806 inter
482 1761 535 1804 aas
568 1761 636 1817 res,
671 1759 750 1822 quae
783 1739 928 1821 occupati
962 1739 1100 1802 hominis
1123 1742 1248 1823 tempus
1271 1727 1345 1804 con-

364 1859 508 1933 sumant,
546 1854 696 1939 deinceps
733 1856 937 1917 enumeratur
973 1854 1110 1918 officiosa
1146 1877 1203 1939 per
1236 1856 1346 1921 urbem

364 1971 560 2035 discursatio.
608 1968 676 2045 Quo
709 1969 800 2033 modo
834 1968 921 2031 enim
953 1990 1009 2032 rex
1035 1970 1172 2033 multum
1194 1964 1345 2056 temporis

364 2085 487 2149 auferre
510 2084 575 2149 diei
597 2084 725 2169 potuit?
770 2083 851 2159 Quia
874 2083 992 2161 eliens,
1016 2105 1072 2168 per
1095 2085 1204 2150 urbem
1227 2087 1346 2153 discur-

365 2221 438 2264 sans
473 2198 589 2264 cotidie
622 2220 715 2263 mane
750 2199 950 2263 salutationis
973 2199 1111 2264 officium
1134 2202 1164 2264 ei
1186 2208 1346 2286 praest-are

364 2316 501 2381 deberet.
548 2314 665 2380 Parum
687 2315 815 2393 dubit0,
846 2316 923 2399 quin
948 2340 1006 2380 rea
1028 2317 1157 2382 librario
1179 2318 1344 2397 debeatur,

365 2435 433 2518 ipse
466 2436 572 2498 autem
605 2430 724 2497 Seneca
758 2433 921 2516 scripserit
952 2456 1026 2498 reus
1060 2435 1130 2498 coll.
1169 2436 1202 2513 7,
1236 2436 1271 2499 7:
1295 2440 1347 2500 ilie

366 2571 440 2613 reus
462 2557 537 2630 quot
560 2551 626 2611 dics
649 2551 803 2611 abstulit?
826 2557 896 2611 cett.

262 2718 269 2733 .
389 2662 444 2728 ·G.
481 2666 520 2743 9,
556 2667 593 2728 2:
642 2666 766 2729 Clamat
801 2687 866 2728 ecce
899 2667 1065 2727 mouimus
1099 2672 1186 2728 cotes
1209 2676 1240 2730 et
1262 2671 1348 2731 celui

365 2786 474 2847 diviua
498 2803 550 2872 ore
573 2786 744 2846 iustiuctus
767 2783 911 2846 solutore
932 2801 1062 2843 cormeu
1085 2784 1190 2842 cauit:

411 2905 535 2980 optimo
574 2921 715 2980 quaeque
760 2903 827 2962 dics
871 2901 997 2961 miseris
1045 2900 1233 2963 mortalibus
1278 2906 1349 2963 oevi

408 3021 517 3097 priora
538 3019 634 3097 supit.

408 3130 529 3195 Iterum
563 3131 616 3194 hio
647 3131 753 3194 loeum
783 3129 950 3206 habemus,
986 3130 1095 3212 quales
1129 3131 1250 3215 aliquot
1284 3134 1347 3197 iam

365 3249 515 3312 annotavi
538 3249 570 3311 et
592 3245 750 3311 annotabo
773 3247 807 3309 in
831 3245 1049 3328 sequentibus,
1073 3247 1163 3310 ouius
1187 3250 1346 3313 sententia

365 3365 506 3442 interiit,
529 3364 603 3447 quia
622 3363 773 3447 pauculae
788 3362 900 3427 literae
922 3361 1125 3427 librariorum
1140 3365 1347 3450 neglegentia

364 3480 604 3546 interciderunt.
636 3477 734 3542 Vates
758 3479 844 3542 enim
867 3477 975 3542 divino
999 3500 1051 3542 ore
1075 3479 1235 3563 instingui
1257 3480 1345 3545 nullo

363 3598 466 3676 modo,
490 3597 618 3681 opinor,
640 3597 760 3680 potest,
784 3595 838 3660 sed
861 3596 1075 3681 instinguitur
1098 3596 1206 3661 divino
1229 3598 1342 3662 furore.

363 3711 433 3777 Hoc
467 3713 568 3798 igitur
598 3711 748 3776 restituas
776 3710 873 3775 velim
904 3712 973 3802 coll.
998 3711 1063 3777 Cio.
1088 3711 1126 3776 de
1149 3709 1222 3778 Div.
1246 3711 1280 3790 Ι,
1307 3717 1343 3792 2,

364 3834 404 3896 31
430 3831 463 3894 et
486 3829 539 3894 37.

407 3944 441 4010 O.
469 3947 526 4023 12,
551 3947 588 4009 3:
637 3946 738 4020 Quid,
761 3945 829 4006 ilios
853 3947 964 4006 otiosos
988 3963 1094 4019 cocos,
1119 3945 1231 4023 quibus
1254 3949 1344 4026 opud

363 4070 521 4125 tonsorem
551 4063 672 4124 multae
694 4063 791 4122 horae
814 4064 1104 4135 transmittuntur,
1137 4063 1216 4122 duur
1240 4065 1342 4124 decer-

360 4185 469 4261 pitur,
493 4184 521 4242 si
544 4181 620 4264 quid
639 4181 792 4260 proximo
814 4184 904 4239 uocte
926 4181 1096 4254 succrevit,
1120 4180 1199 4241 duru
1221 4182 1260 4243 ole
1276 4184 1342 4242 siu·

363 4298 446 4376 pulis
479 4297 602 4376 capillis
635 4299 671 4356 iu
706 4294 873 4367 consitium
908 4297 993 4371 itur,
1028 4295 1106 4358 dum
1130 4302 1188 4358 out
1211 4299 1342 4361 disiecto
