3190 5114
735 507 776 570 63

268 720 367 780 ueluti
400 709 494 780 hasta
514 719 629 796 posito.
677 711 724 777 Of.
754 712 818 779 Cic.
845 713 884 778 do
907 712 968 780 off.
992 711 1044 792 Π,
1068 717 1105 793 8,
1130 715 1189 794 27,
1211 715 1250 778 de

268 829 370 895 Sulla:
395 834 451 894 Est
474 834 561 894 enim
585 850 685 893 ausus
707 833 811 894 dicere
834 834 928 894 hasta
940 835 1059 912 posito,
1082 853 1155 894 cum
1170 834 1251 895 bona

267 951 303 1009 in
337 949 408 1026 foro
442 948 591 1008 recideret
604 991 631 1007 ..
648 991 678 1007 ..
715 948 875 1026 praedam
909 967 1004 1009 suam
1039 969 1071 1009 se
1106 949 1248 1010 vendere.

268 1060 314 1126 Of.
340 1059 405 1126 oio.
429 1059 465 1125 in
487 1056 565 1124 Ant.
590 1057 632 1123 Π.
659 1060 717 1136 26,
741 1061 801 1138 64,
825 1059 863 1124 in
885 1059 1018 1124 Rullum
1040 1059 1089 1138 H,
1114 1062 1172 1139 23,
1196 1062 1248 1130 62.

659 1354 850 1365 ——-—..

444 1553 507 1616 tuln
526 1553 696 1632 CAPllollNl
716 1550 850 1615 unximus
869 1553 906 1616 ΕΤ
925 1553 1078 1618 osismus.

312 1762 346 1828 Ο.
372 1763 409 1842 5,
436 1768 471 1827 1:
518 1765 661 1826 Monimo
690 1771 785 1844 pater
819 1766 886 1841 suit
909 1764 1090 1841 Maximus,
1124 1785 1250 1830 unuse

264 1881 366 1961 plebe,
403 1888 441 1941 ut
474 1881 624 1942 nonnulli
658 1882 769 1942 dicunt
803 1882 894 1958 saber
916 1883 1095 1960 ferrarius,
1131 1891 1169 1944 ut
1191 1886 1250 1946 alii

268 2000 437 2059 raedarius
461 1993 687 2080 [vehicularius
711 1993 903 2078 fabricator}
931 2032 969 2044 -
991 1993 1250 2080 Expungerrdum

267 2113 315 2174 esi
338 2109 505 2174 molestum
528 2109 690 2174 emblema.

311 2226 344 2291 O.
371 2229 408 2305 9,
433 2230 469 2292 3:
516 2230 601 2290 Nam
633 2232 722 2290 etin
742 2228 908 2309 publicum
928 2233 1095 2308 processit,
1130 2241 1249 2294 m'anus

265 2347 399 2427 sinpulis
436 2346 609 2431 quibusque
648 2347 755 2406 tenuit
790 2351 819 2404 et
855 2363 959 2423 paene
997 2347 1097 2406 ictum
1131 2348 1249 2427 lapidis

260 2483 375 2544 possus
398 2468 452 2523 est.
482 2496 520 2508 -
546 2457 675 2544 Oorrige
698 2462 841 2522 tetendit.

308 2576 342 2641 O.
369 2576 425 2654 15,
450 2576 487 2640 5:
538 2579 642 2639 Tanta
665 2583 710 2640 est
733 2584 844 2640 autem
866 2579 1091 2642 historicorum
1114 2583 1200 2642 inter
1218 2602 1250 2644 se

263 2698 458 2757 certantium
482 2696 647 2773 imperitia
671 2694 718 2754 oei
741 2696 923 2773 usurpatio,
947 2701 986 2754 ut
1001 2694 1096 2754 multi
1112 2697 1249 2757 eundem

265 2815 449 2874 Munimum
473 2831 568 2898 quem
591 2812 799 2890 Puppienum
821 2811 921 2873 uelint
944 2812 1008 2872 dici
1023 2811 1098 2872 ceti.
1114 2808 1249 2872 —Foro

265 2949 330 2992 non
353 2926 482 3005 dubito,
506 2927 586 3012 quin
608 2930 748 2989 turbatio
771 2926 948 3010 antiquitus
972 2925 1127 3008 scriplum
1140 2925 1247 2990 filorii.

264 3044 339 3110 Non
362 3016 453 3109 video
476 3045 576 3124 enim,
600 3045 656 3129 qui
677 3044 880 3128 'usurpaiioni
897 3043 997 3107 iribui
1013 3038 1128 3127 possil,
1152 3064 1249 3126 quum

265 3161 470 3226 historiarum
508 3161 643 3245 scriptor
681 3161 767 3224 inter
801 3160 862 3224 duo
899 3160 1028 3224 nomina
1062 3180 1128 3224 non
1162 3162 1248 3224 recte
1273 3145 1287 3167 '

265 3279 447 3365 distinguit.
704 3275 707 3282 ’

658 3515 827 3522 ——0——0—

479 3679 626 3745 tursum
644 3679 799 3743 Pollionis
816 3680 946 3744 6ΑΙ.Ι.ΙΕΝΙ
965 3681 1037 3744 660.

311 3858 344 3922 6.
363 3863 423 3939 ’6,
460 3863 479 3924 3
515 3862 682 3944 postquam
717 3858 819 3923 clades
842 3859 964 3944 aliquoi
985 3862 1130 3924 narratae
1154 3865 1245 3942 suni,

265 3974 341 4038 hoec
363 3977 555 4059 sequuntur:
601 3978 705 4039 Pudet
725 3979 860 4056 prodere
882 3980 968 4038 inter
990 3980 1066 4039 hoec
1088 3984 1247 4060 temporo,

266 4092 352 4175 [oum
387 4092 448 4156 isio
487 4093 705 4178 gerereniur],
744 4115 825 4175 quoe
862 4113 955 4174 saepe
992 4095 1200 4158 Gallienus..
1216 4145 1245 4160 ..

265 4212 356 4289 quasi
386 4230 446 4289 per
478 4213 582 4272 iocum
616 4212 746 4274 dicerit.
772 4245 815 4258 —-
838 4207 944 4273 Verba
978 4231 1052 4273 cum
1075 4215 1139 4274 istu
1160 4235 1248 4294 pere-

265 4335 378 4389 rentur
412 4324 632 4412 ludimagistri)
666 4326 823 4393 reddenda
854 4330 946 4408 suni,
981 4328 1037 4415 qui
1066 4305 1266 4414 nesciebat,¹
