3190 5114
850 511 871 572 4

369 711 479 792 cedqm
501 711 537 771 in
560 710 701 773 tribunal
723 731 789 774 non
811 715 925 791 furens
946 734 1003 777 nec
1018 716 1165 793 infestus,
1188 718 1242 779 sed
1257 719 1342 781 uoltu

371 825 447 906 lepis
480 833 510 887 ct
543 827 600 888 illa
633 829 798 890 sollemnia
834 831 927 891 verba
960 833 1025 893 leni
1058 835 1161 912 mapis
1193 837 1344 914 pravique

372 962 468 1023 quam
490 943 603 1005 rabida
625 963 695 1006 uoce
718 947 904 1027 concipiam.
926 981 970 995 -
988 941 1062 1010 Non
1085 945 1238 1032 intellego
1260 951 1346 1013 uoltu

370 1059 454 1140 lepis.
488 1056 588 1122 Estne
611 1058 699 1123 voltu
721 1059 885 1146 legitimo,
909 1083 951 1127 an
973 1062 1072 1142 voltu,
1097 1063 1223 1147 qualem
1245 1065 1347 1150 mogi-

372 1174 507 1238 elratum
539 1173 660 1240 decoll·
700 1172 734 1240 si
766 1177 825 1244 hoo
858 1181 963 1258 recte,
996 1180 1098 1264 qualis
1131 1201 1245 1264 quaeso
1274 1182 1348 1245 eet?

374 1287 505 1356 Hoereo.
531 1288 582 1355 Ad
605 1291 707 1357 levem
730 1295 956 1360 correctionem
978 1296 1202 1362 recurrendum
1213 1296 1338 1362 videtur

373 1403 536 1471 Promillit
559 1407 595 1472 ni
617 1407 728 1490 fallor,
752 1431 785 1474 se
808 1389 931 1495 placido
954 1411 1046 1478 vultu
1069 1410 1164 1476 verbu
1186 1409 1371 1475 sollemnie'

376 1527 603 1610 concepturam
645 1525 714 1592 coll.
751 1530 813 1607 19,
846 1533 885 1594 2:
920 1529 1062 1615 [iudicis]
1104 1538 1175 1594 tum
1207 1535 1350 1596 manime

370 1641 516 1721 placicius
551 1632 615 1704 esse
636 1645 724 1706 debet
747 1652 777 1707 et
805 1648 841 1706 in
864 1652 951 1709 statu
977 1647 1098 1721 voltus,
1133 1665 1207 1709 cum
1229 1665 1350 1727 moqna

249 1773 254 1782 ·
370 1761 573 1838 pronuntiat.
620 1756 748 1843 Oorrige
779 1779 854 1844 ergo
884 1762 970 1824 uoltu
1003 1763 1092 1824 lenis.
1139 1762 1288 1824 Placidus
1319 1760 1352 1823 el

373 1873 452 1936 lenis
474 1893 601 1957 prorsus
624 1872 709 1938 idem
731 1873 839 1939 volent
870 1876 903 1938 el
925 1873 1020 1960 vulgo
1043 1895 1106 1938 uno
1128 1876 1237 1939 tenore
1260 1895 1351 1939 usur-

372 1992 489 2073 pantur
532 1991 565 2053 el
598 1988 637 2054 ab
671 1990 743 2056 aliie
776 1993 809 2055 et
846 1989 884 2055 ab
919 1991 987 2075 ipso
1020 1986 1146 2055 Senecu
1182 1988 1229 2054 cf.
1264 1987 1347 2054 Dial.

373 2103 412 2169 V.
438 2105 467 2170 5.
504 2108 532 2170 1.
578 2103 701 2173 Deinde
732 2129 804 2174 vero
838 2127 894 2192 pro
924 2110 989 2172 leni
1012 2105 1095 2172 houd
1132 2106 1240 2191 inepte
1263 2111 1350 2210 lmta

372 2219 582 2286 substituerie.

415 2335 448 2400 G.
475 2338 537 2415 20,
563 2338 603 2402 7:
631 2340 797 2401 Terribilia
830 2342 917 2401 cnim
943 2356 1008 2402 esse
1038 2347 1072 2402 et
1095 2341 1294 2403 tumultuosa
1317 2345 1347 2400 et

370 2457 504 2518 exitiosa
523 2461 679 2534 possunt:
714 2459 974 2537 moqnitunincm
997 2458 1144 2536 quidem,
1178 2459 1270 2518 cuius
1292 2457 1347 2536 fir·
1383 2425 1386 2432 Δ

368 2577 570 2653 momentum
582 2572 735 2650 roburque
746 2572 867 2633 bonitas
880 2578 934 2647 est,
947 2557 1189 2635 non‘holcbunt.
1206 2578 1346 2635 ceterum

368 2705 527 2763 sermone,
550 2692 667 2749 conatu
689 2693 719 2747 et
742 2688 831 2748 omni
854 2693 948 2749 entra
968 2692 1091 2767 paratu
1113 2688 1234 2765 facient
1256 2706 1345 2767 map-
1435 2753 1437 2758 ,

367 2804 527 2865 nituclinis
550 2803 655 2883 fidem.
675 2797 790 2864 -Pro
813 2810 928 2865 conatu
951 2797 1206 2864 substituendum
1219 2797 1345 2863 videtur

368 2925 495 2982 ornatu.

595 3232 715 3296 ululet.
734 3233 788 3295 lte.
804 3232 823 3295 V
840 3233 865 3296 S.
883 3234 922 3296 ot
939 3233 985 3296 lm
1004 3235 1058 3296 lle.
1077 3235 1110 3296 ΙΙΙ.

409 3400 442 3465 Ο.
469 3402 499 3480 8,
525 3401 561 3465 7:
584 3403 734 3484 Difficilis
757 3421 874 3482 quoqne
897 3409 926 3464 et
949 3402 1342 3464 indomitanaturablan·

363 3521 504 3584 clientem
528 3522 632 3598 feret:
667 3521 749 3580 nihil
772 3539 923 3600 asperum
958 3521 1168 3598 territumque
1190 3518 1341 3599 palpanti

363 3641 417 3696 cst.
443 3667 484 3684 ·-
507 3630 569 3697 Pro
591 3638 799 3716 territumque
821 3634 909 3698 fuere
923 3633 979 3716 qui
1002 3641 1180 3714 tetrumque
1198 3629 1339 3695 mallent.

362 3747 540 3832 Utrumque
575 3770 647 3814 vero
681 3748 838 3835 displicet.
885 3749 1014 3835 Corrige
1049 3753 1274 3832 horridumque
1309 3748 1342 3812 et

362 3887 486 3945 sanem,
511 3866 623 3946 oredo,
647 3866 817 3932 lectionem
840 3866 977 3932 hebebis.

405 3979 482 4044 Eod.
507 4001 574 4064 cop.
600 3981 617 4064 ἕ
641 3983 661 4044 2
684 3981 819 4066 legitur:
843 3983 1080 4062 impudicorum
1096 3987 1202 4043 coctus
1223 3982 1341 4058 fortem

361 4116 480 4177 quoquc
502 4104 532 4158 ct
548 4096 679 4161 siliceat
701 4100 811 4160 uirum
823 4099 963 4161 emolliit.
979 4132 1020 4143 -
1033 4091 1094 4158 Vv.
1120 4098 1148 4157 si
1158 4097 1251 4158 liccat
1266 4093 1341 4177 quia

360 4214 447 4279 omni
479 4235 574 4279 sensu
596 4215 740 4292 careant,
775 4213 861 4278 fuere
884 4213 940 4297 qui
963 4215 1106 4278 siliceum
1129 4211 1150 4275 i.
1175 4232 1201 4276 e.
1226 4209 1339 4275 durum

361 4330 565 4398 correxerint.
613 4327 755 4396 Aureum
781 4331 865 4397 certe
888 4327 1097 4409 vocobulum,
1121 4328 1149 4395 ei
1172 4328 1338 4394 contextus
