3190 5114
701 514 743 577 47

234 729 396 806 principes
419 726 499 786 ulios
522 739 601 785 ntra
624 730 654 785 et
676 726 964 802 metadislinebat,
988 742 1061 788 curn
1074 731 1218 810 suspensi

236 849 266 904 et
301 844 451 902 attoniti.
466 886 473 901 .
488 886 517 900 ..
555 842 630 901 hino
663 849 757 920 atocio
790 844 867 904 inde
889 843 1033 921 publicae
1056 846 1218 905 servitutis

235 958 366 1016 nuntios
400 960 610 1033 especiarent.
668 955 712 1016 Ao
745 959 773 1016 si
806 959 891 1034 forte
925 959 1045 1037 aliquos
1078 961 1217 1039 (lamina

234 1075 323 1132 nives
353 1072 440 1131 venti
462 1071 718 1148 praepedissent,
750 1074 860 1132 statim
884 1075 940 1133 hoc
962 1073 1043 1134 iliad
1065 1093 1130 1135 esse
1152 1094 1217 1135 ore·

235 1186 350 1246 debant
380 1186 461 1263 qaod
492 1186 707 1248 merebantur.
733 1221 774 1230 -
798 1182 860 1249 Pro
883 1186 990 1268 inepte
1014 1191 1218 1251 merebantur

235 1302 426 1363 verebantur
449 1298 570 1382 corrige
594 1297 691 1362 sodes.

280 1413 314 1478 O.
341 1416 404 1478 69:
451 1417 486 1478 Si
508 1418 584 1495 qvid
608 1395 743 1495 nsqaarii
766 1419 877 1495 stirpis
899 1421 1068 1497 antiquae,
1092 1423 1119 1480 si
1142 1422 1218 1508 qaid

236 1535 385 1594 residuae
415 1533 590 1608 claritatis,
623 1535 679 1592 hoo
700 1534 906 1612 ampleaatar
932 1542 961 1596 et
982 1537 1101 1613 refovet
1129 1541 1218 1598 etin

236 1671 332 1712 nsnrn
355 1654 403 1712 rei
426 1651 569 1730 pvblicae
592 1653 720 1729 promit.
754 1651 838 1712 Sani
861 1656 893 1712 in
919 1653 1036 1713 honore
1049 1656 1218 1715 hominurn

237 1775 267 1830 et
290 1773 325 1830 in
348 1771 466 1828 honore
488 1768 598 1843 famae
621 1785 742 1845 rnapna
768 1770 902 1827 nomina
926 1787 963 1829 ee
985 1769 1120 1830 tenebris
1142 1770 1218 1830 obli·

237 1887 339 1947 vionis
361 1884 565 1962 indalpentia
590 1881 750 1957 Caesaris,
782 1885 873 1944 caius
896 1884 952 1945 hoo
975 1892 1020 1946 est
1042 1891 1080 1945 at
1101 1885 1218 1946 nobiles

237 2006 267 2060 et
289 2003 448 2060 conservet
471 2003 501 2058 et
524 1997 654 2075 efficiat.
681 2033 722 2042 -
746 1992 821 2058 Non
843 2016 906 2060 uno
929 1996 1009 2060 viiio
1030 1997 1108 2060 haec
1131 1996 1217 2061 labo·

235 2133 304 2175 rere
327 2111 485 2175 videniur.
534 2107 677 2173 Primum
700 2115 820 2191 proniit
842 2111 1047 2198 depraveium
1070 2113 1217 2178 exisiimo

236 2250 274 2292 ex
296 2231 459 2310 provehit,
483 2227 671 2310 presseriim
694 2247 792 2310 quum
814 2227 918 2292 locum
941 2229 1076 2312 respicio
1099 2229 1134 2292 in
1155 2229 1215 2313 Ep.

234 2344 324 2409 VIII.
353 2347 409 2413 12,
437 2343 492 2408 ubi
515 2343 553 2406 de
568 2343 704 2408 {lisiano
720 2344 831 2409 scribii
842 2343 985 2410 Plinius:
1008 2351 1217 2426 colitstadia,

233 2465 389 2524 studiosos
412 2469 519 2537 ornat,
544 2465 643 2539 fovet,
666 2465 819 2540 provehit.
852 2460 999 2525 Eundem
1022 2461 1067 2525 ibi
1090 2463 1218 2525 senien-

235 2577 298 2641 iiee
332 2577 475 2640 ordinem
506 2577 682 2652 cernimus3
721 2577 760 2640 of.
795 2577 854 2661 Ep.
880 2575 944 2656 IX,
970 2553 1027 2642 14':
1051 2582 1219 2659 provehere

238 2696 378 2774 aliqaern
401 2697 438 2754 in
460 2695 561 2754 laoern
582 2701 612 2756 et
623 2695 758 2771 famam.
773 2724 809 2740 ι-
830 2690 953 2755 Deinde
965 2713 1039 2755 vero
1050 2692 1218 2758 nonorelo

231 2805 374 2871 Plinium
410 2806 572 2889 scripsisse
613 2815 690 2868 sant
723 2811 759 2868 in
790 2809 908 2869 honore
938 2811 1107 2870 hominnm
1130 2816 1160 2870 ei
1182 2813 1219 2871 in

233 2927 351 2986 honore
386 2927 506 3002 faniae.
553 2919 646 2985 Priur
681 2924 797 2984 honore
813 2917 956 2985 -librarii
989 2920 1081 3007 culpe
1104 2941 1143 2984 ex
1166 2943 1219 2985 ore

234 3044 338 3106 orbum
372 3062 440 3104 esse
474 3039 607 3104 minime
641 3038 824 3104 dubitanter
854 3038 1095 3114 affirmaverim,
1129 3040 1217 3104 ouius

236 3157 320 3221 oculi
344 3157 378 3222 in
402 3155 568 3220 scribendo
590 3154 697 3219 nescio
719 3176 762 3219 su
785 3154 825 3218 ed
848 3175 981 3238 sequens
1003 3175 1070 3220 voc.
1095 3143 1219 3219 aberra·

235 3275 350 3339 verini.
387 3273 468 3337 Tum
491 3294 564 3338 vero
578 3269 626 3336 ¹ea
649 3275 785 3336 tenebris
808 3275 971 3336 oblivionis
995 3271 1091 3336 nimis
1106 3271 1226 3336 durum'

235 3395 268 3456 ei
299 3390 470 3455 molesium
501 3390 532 3453 h.
556 3389 578 3452 l.
603 3391 680 3472 puio
704 3399 851 3473 proposi
875 3393 1019 3454 tenebras
1042 3393 1218 3468 oblivionis,

236 3506 319 3592 quod
355 3505 485 3569 omuino
519 3477 701 3590 significare
736 3503 837 3568 debeb.
886 3502 986 3579 Quom
1020 3504 1059 3568 ob
1094 3525 1219 3568 causam

235 3623 382 3688 lacunam
406 3623 530 3684 exstare
554 3621 676 3685 conicio
699 3620 750 3685 vel
774 3623 846 3704 posi
869 3623 1053 3700 oblivionis,
1075 3622 1126 3687 vel
1149 3625 1220 3705 posi

238 3742 399 3815 Caesaris,
434 3758 513 3821 quae
544 3758 600 3820 per
631 3747 724 3800 erata
747 3736 797 3801 vel
820 3747 969 3820 prompta
992 3738 1042 3802 vel
1066 3739 1220 3804 eiusmodi

239 3852 424 3917 vocabulum
448 3851 602 3936 explendo
625 3850 695 3915 erii.

281 3969 314 4033 O.
355 3973 394 4034 81
431 3971 585 4034 Troianus
620 3968 779 4046 laudetur,
804 3967 886 4052 quod
908 3970 946 4032 ui
968 3969 1003 4033 in
1022 3971 1150 4050 celeris,
1174 3972 1219 4034 ite

238 4089 273 4152 in
297 4089 465 4152 venatione
482 4109 605 4172 quoque
620 4107 740 4154 morem
755 4085 910 4150 maiorum
921 4088 1062 4164 secutus,
1085 4087 1219 4153 lustrare

239 4201 354 4265 soleret
377 4201 493 4279 salius,
525 4205 671 4266 excutere
695 4200 852 4266 cubilibus
875 4202 972 4279 feres,
1005 4203 1124 4266 cerisre
1147 4225 1219 4268 oum

238 4317 406 4402 fugacibus
430 4337 540 4396 cursu,
564 4340 635 4386 cum
658 4318 828 4385 audacibus
851 4317 975 4396 robore,
1001 4341 1073 4384 oum
1096 4320 1218 4390 callidis
1337 4329 1340 4336 ’
