3190 5114
806 487 853 532 ΧΗ

343 661 495 724 sententia
519 664 709 726 restituenda
731 668 836 728 multis
856 667 929 728 locis
942 666 1031 747 plane
1045 666 1263 747 desperandum
1277 667 1328 728 sit.

389 812 567 874 Petronium
599 815 712 897 excipit
732 815 848 877 Plinius
868 815 983 892 Minor,
1006 817 1090 878 cuius
1110 817 1327 897 Panegyricus,

343 984 442 1046 quum
475 967 574 1047 putidi
606 971 707 1032 nescio
729 971 804 1050 quid
823 979 854 1032 et
871 969 992 1050 molesti
1013 969 1140 1046 habeat,
1170 975 1237 1030 tum
1257 987 1328 1033 vero

347 1118 506 1200 Epistulae
533 1140 675 1201 magnam
698 1123 821 1186 omnino
843 1122 1073 1186 delectationem
1094 1121 1233 1184 afferunt.
1273 1121 1329 1182 Le-

345 1273 487 1352 gentibus
516 1275 597 1336 enim
627 1257 708 1337 vitae
727 1276 983 1339 nobilissimorum
1004 1277 1210 1340 Romanorum
1230 1274 1328 1357 quoti-

345 1429 454 1492 danae
487 1438 552 1491 tam
575 1429 707 1492 dilucide
727 1449 899 1512 expressam
920 1430 1086 1510 imaginem
1103 1428 1262 1510 praebent,
1293 1434 1328 1489 ut

260 1603 262 1610 v
341 1595 381 1637 ne
417 1577 627 1658 spectantibus
664 1579 786 1659 quidem
821 1580 928 1642 clarior
962 1586 1042 1640 esset
1073 1578 1185 1640 futura,
1235 1576 1327 1638 Plinii

341 1729 458 1810 scripta
489 1731 586 1792 multo
619 1732 744 1794 meliore
775 1752 866 1812 quam
888 1733 1024 1794 Petronii
1045 1730 1154 1792 habitu
1174 1749 1192 1790 a
1211 1727 1328 1790 mediae

344 1881 454 1942 aetatis
476 1880 651 1942 hominibus
673 1881 761 1943 nobis
781 1882 895 1944 tradita
914 1889 994 1944 sunt.
1035 1880 1128 1956 Nam,
1149 1880 1176 1941 si
1196 1878 1329 1958 Panegy-

344 2035 400 2096 rioi
434 2035 553 2116 aliquot
572 2035 734 2116 particulas
755 2036 903 2117 excipias,
934 2035 1036 2096 omnia
1057 2034 1151 2096 solida
1171 2040 1264 2113 atque
1284 2032 1329 2092 in·

346 2195 432 2268 tegra
464 2197 587 2250 servata
617 2198 689 2252 sunt
718 2198 751 2250 et
780 2190 876 2250 oratio
905 2207 966 2249 non
987 2188 1083 2249 multa
1103 2204 1198 2266 eaque
1217 2185 1328 2246 leviora

347 2339 472 2402 omnino
492 2340 604 2402 menda
625 2340 810 2400 contraxisse
830 2339 960 2399 videtur.

386 2492 544 2572 Dialogum
579 2494 616 2555 de
647 2493 840 2564 Oratoribus,
874 2492 926 2572 qui
948 2511 966 2552 a
986 2490 1092 2552 Tacito
1112 2489 1244 2571 scriptus
1264 2505 1329 2548 esse

343 2646 431 2726 vulgo
453 2646 568 2718 fertur,
594 2652 625 2736 et
646 2644 785 2706 Suetonii
806 2643 891 2704 Vitas
911 2642 1042 2704 strictim
1063 2649 1095 2702 et
1116 2641 1227 2701 cursim
1239 2636 1328 2718 attigi

344 2808 475 2862 tantum.
519 2798 613 2860 Paulo
646 2795 762 2859 diutius
792 2797 824 2856 in
849 2771 1001 2869 Historiae
1022 2765 1178 2872 Augustae
1198 2789 1329 2870 Scripto-

342 2953 427 3013 ribus
451 2957 656 3012 commoratus
682 2966 766 3021 sum,
791 2965 851 3008 non
873 2945 974 3006 hercle
994 2943 1075 3023 quod
1096 2960 1133 3002 ex
1152 2958 1257 3001 eorum
1279 2937 1329 2999 de

343 3103 517 3186 scriptionis
539 3100 720 3162 orationisve
744 3116 853 3177 genere
878 3097 978 3176 aliqua
1000 3093 1199 3156 delectatione
1219 3046 1352 3152 allide.-

342 3257 413 3330 bar,
446 3274 506 3336 quo
541 3252 615 3333 quid
651 3271 761 3332 quaeso
793 3249 906 3311 aridius
941 3255 973 3308 et
1002 3246 1133 3308 ieiunius
1165 3244 1329 3326 excogitari

342 3409 467 3492 potest‘l
510 3407 571 3470 Sed
592 3407 643 3468 hic
663 3424 784 3487 quoque
805 3404 844 3464 ad
864 3403 963 3482 ipsae,
986 3418 1061 3481 quas
1083 3405 1242 3474 enarrant,
1264 3414 1328 3467 res,

343 3582 441 3644 neque
463 3562 601 3624 inficetas
622 3560 778 3622 interdum
793 3565 825 3618 et
840 3555 1011 3636 cognitione
1024 3571 1113 3634 saepe
1124 3551 1327 3632 dignissimas,

342 3717 374 3777 in
411 3715 518 3797 primis
550 3714 685 3776 animum
717 3709 847 3784 adverti,
880 3710 924 3769 ila
944 3715 1046 3768 tamen
1066 3706 1215 3778 uticona,
1246 3701 1329 3782 turpi

345 3870 455 3931 mendo
491 3868 684 3941 obscuratos,
713 3864 818 3944 ¹obiter
849 3869 997 3922 notarem.
1047 3858 1079 3918 Si
1114 3857 1181 3938 quia
1214 3861 1329 3926 autem,
1358 3883 1361 3891 ·

347 4018 470 4080 criticae
503 4016 580 4078 artis
612 4034 661 4076 me
685 4011 825 4095 peritior,
862 4009 964 4069 dedita
985 4024 1076 4088 opera
1097 4004 1217 4065 eosdem
1238 4001 1330 4083 scrip-

346 4183 427 4235 tores
451 4179 593 4233 excutere
613 4168 700 4244 velit,
727 4169 756 4229 ei
776 4172 933 4246 patentem
955 4181 1096 4241 campum
1117 4159 1277 4241 promitto,
1298 4158 1329 4217 in

347 4348 406 4410 quo
427 4327 541 4406 ingenii
563 4343 690 4386 acumen
711 4325 743 4382 et
763 4318 961 4400 sagacitatem
983 4319 1130 4375 exerceat.
