3190 5114
715 507 756 570 53

241 711 296 775 ubi
330 709 475 775 ludorum
509 712 667 795 praesides
702 683 856 777 sederent
903 711 1034 775 Rationi
1057 712 1222 775 consenta-

242 850 337 893 neum
372 832 439 893 erat
473 829 578 907 ludos,
613 828 829 893 administrari
857 829 894 893 de
919 851 955 893 eo
977 828 1060 906 loce,
1095 827 1134 892 de
1162 848 1223 912 quo
1279 851 1281 854 ·

242 966 365 1029 semper
397 945 720 1024 administrarentur,
756 947 776 1009 i.
814 966 840 1009 e.
877 945 915 1009 de
948 945 1110 1009 tribunali.
1167 942 1223 1008 Nil

242 1084 319 1148 opus
353 1062 416 1126 fuit
450 1063 517 1126 eius
549 1063 596 1126 rei
626 1063 820 1127 mentionem
844 1061 941 1126 ullam
964 1061 1091 1127 misere.
1139 1057 1223 1125 Satis

243 1203 316 1266 ergo
339 1180 541 1264 perspicuum
564 1183 612 1244 est
635 1180 739 1246 locum
761 1179 876 1244 mendo
895 1179 1063 1244 obscurari.
1110 1175 1222 1261 Neque

242 1297 275 1360 id
307 1296 435 1361 difficile
469 1297 596 1361 sublatu
619 1298 774 1361 existimo·
821 1295 900 1359 Fere
923 1317 988 1360 non
1011 1294 1121 1359 dubito
1143 1295 1222 1378 quin

241 1411 409 1478 Suetonius
417 1413 593 1497 scripserit:
607 1415 774 1495 Maqistros
786 1417 844 1500 toti
856 1417 1026 1475 certamini
1035 1415 1223 1493 praeposuit

240 1534 553 1603 consulareeeete,
573 1533 731 1593 sedecim
748 1539 986 1604 praetorios·
1018 1525 1078 1590 Oui
1093 1526 1223 1591 lectioni

240 1671 304 1714 non
327 1649 440 1714 leviter
462 1651 567 1714 favere
591 1651 682 1715 credo
705 1650 788 1734 quod
809 1649 1011 1714 Torrentium
1034 1645 1108 1709 olim
1123 1664 1223 1727 ,anno-

240 1768 323 1832 tasse
354 1750 461 1848 rideo,
496 1768 593 1832 fuisse
616 1768 671 1852 qni
694 1768 728 1831 in
751 1767 853 1832 reteri
877 1767 941 1831 cod.
967 1768 1020 1829 sed
1043 1772 1073 1826 et
1094 1757 1221 1844 praeto-

240 1887 303 1946 rios
326 1881 472 1967 legerint.

284 1995 364 2060 Ibid.
404 2019 429 2061 c.
474 1998 515 2061 20
558 1999 729 2062 narrantur
774 2018 853 2081 quae
899 1993 984 2059 Nero
1028 1989 1223 2058 factitaverit

122 2155 133 2176 .
242 2112 290 2178 vel
308 2105 310 2110 ¹
325 2114 557 2178 conservandae
591 2115 677 2178 vocis
712 2135 805 2178 causa
827 2113 878 2178 vel
902 2110 1081 2197 augendae:
1116 2113 1223 2173 sedet

238 2235 421 2312 plumbeam
459 2236 606 2294 chartam
643 2236 779 2312 supinus
813 2238 938 2311 pectore
976 2232 1154 2302 sustinere,
1192 2234 1222 2287 et
1323 2259 1326 2264 ·

241 2351 371 2430 clystere
394 2353 576 2432 vomituque
595 2352 751 2428 purqari,
776 2355 805 2409 et
829 2349 986 2408 abstinere
1006 2347 1110 2426 pomis
1133 2344 1222 2404 cibis-

242 2487 300 2548 que
334 2467 552 2546 officientibus.
577 2503 617 2512 -
642 2461 748 2527 Verbo
773 2483 900 2526 monere
924 2460 1056 2536 sufficit,
1091 2459 1221 2543 opinor,

243 2578 392 2646 Suetonio
412 2585 538 2662 potibus
562 2585 696 2666 cibisque
718 2579 911 2643 reddendum
934 2600 1018 2655 esse,
1055 2576 1119 2639 nisi
1142 2576 1222 2640 forte

220 2698 313 2788 'quis
335 2718 429 2782 poma
452 2720 517 2763 non
541 2699 626 2762 inter
650 2697 734 2761 cibos
757 2697 953 2760 numeranda
976 2697 1076 2779 putet.

286 2814 366 2878 Ibid.
404 2819 464 2880 41:
513 2820 672 2892 Quosdmn
707 2837 723 2878 c
754 2817 949 2896 prirnoribus
983 2817 1061 2876 uiris
1091 2817 1224 2876 denium

243 2937 396 3008 euocauit,
440 2940 666 3017 transactaque
706 2934 828 3010 raptinr
862 2930 1110 3005 consultatione,
1149 2928 1223 2989 reli·
1270 2907 1275 2916 ⁶
1302 2908 1309 2918 ⁸

242 3069 339 3131 quarn
374 3051 437 3110 diei
469 3055 598 3128 partein
630 3068 689 3127 per
722 3065 843 3125 orporea
873 3044 1064 3124 hydraulica
1095 3045 1169 3104 noui
1192 3049 1248 3114 et,

242 3167 343 3244 iqnni
375 3167 498 3243 pencris
521 3164 739 3225 circumduxit
762 3162 990 3244 ostendensque
1013 3159 1157 3239 sinqula‚
1185 3160 1224 3218 dc

243 3283 368 3340 ratione
402 3295 439 3341 ac
473 3280 665 3358 difficultate
700 3279 851 3359 cuiusque
885 3277 1041 3336 disserens
1075 3279 1145 3334 cett.
1183 3307 1224 3317 -

243 3393 394 3470 Minime,
433 3393 560 3476 opinor,
598 3390 683 3456 Nero
723 3413 794 3455 cum
822 3389 990 3454 comitibus
1014 3387 1162 3451 disseruit
1185 3385 1223 3450 de

242 3510 365 3573 ratione
399 3531 436 3572 ac
470 3511 678 3589 difficultate,
714 3507 768 3570 sed
792 3510 830 3568 de
853 3509 978 3567 ratione
1001 3526 1037 3566 uc
1060 3507 1098 3566 de
1120 3504 1222 3582 facul-

243 3634 309 3688 tate
343 3626 363 3687 i.
389 3646 415 3687 e.
441 3624 478 3687 de
504 3624 535 3687 vi
558 3645 594 3687 ac
617 3623 772 3706 potestate
797 3619 995 3704 singularum
1018 3617 1130 3703 organi
1152 3639 1223 3701 par·

242 3743 333 3807 tium.

287 3858 367 3923 Ibid.
394 3863 454 3924 56:
491 3856 604 3944 [Deam
626 3855 763 3942 Syriam]
786 3877 923 3919 mou...
949 3858 1086 3936 spreuit.
1102 3901 1131 3916 ..
1157 3855 1223 3917 alia

243 3982 467 4059 superstitione
501 3984 632 4058 captus.
648 4024 677 4038 ..
707 3977 873 4060 Siquidem
897 3975 1079 4035 icuncularn
1099 3974 1223 4053 puella·

243 4115 311 4156 rern
324 4142 420 4157 .....
455 4115 513 4176 pro
549 4115 673 4157 summo
694 4096 850 4155 numine.
865 4137 897 4153 ..
922 4089 1019 4152 colere
1039 4109 1222 4168 perseveru-

243 4216 297 4274 uit.
324 4248 365 4258 —
389 4209 538 4274 Mutilam
560 4232 668 4276 vocem
692 4212 768 4295 puto
791 4211 994 4288 icuneulun,
1029 4229 1109 4294 quae
1131 4228 1221 4292 prae·

242 4328 292 4390 ter
313 4328 373 4392 hoc
395 4327 461 4392 loco
484 4328 567 4411 apud
586 4329 710 4394 nullum
726 4331 911 4413 scriptorem
925 4349 1059 4413 usquam
1074 4326 1219 4392 occurrit.
