<?xml version="1.0" encoding="UTF-8"?>
<!DOCTYPE html PUBLIC "-//W3C//DTD XHTML 1.0 Transitional//EN"
    "http://www.w3.org/TR/xhtml1/DTD/xhtml1-transitional.dtd">
<html xmlns="http://www.w3.org/1999/xhtml" xml:lang="en" lang="en">
 <head>
  <title>
</title>
<meta http-equiv="Content-Type" content="text/html;charset=utf-8" />
  <meta name='ocr-system' content='tesseract 3.04.00' />
  <meta name='ocr-capabilities' content='ocr_page ocr_carea ocr_par ocr_line ocrx_word'/>
</head>
<body>
  <div class='ocr_page' id='page_1' title='image "./conjectanealati00corngoog_0098.png"; bbox 0 0 3190 5114; ppageno 0'>
   <div class='ocr_carea' id='block_1_1' title="bbox 682 451 763 562">
    <p class='ocr_par' dir='ltr' id='par_1_1' title="bbox 682 451 763 562">
     <span class='ocr_line' id='line_1_1' title="bbox 682 451 763 562; baseline 0 0"><span class='ocrx_word' id='word_1_1' title='bbox 682 451 763 562; x_wconf 78' lang='lat'><strong><em>&#39;77</em></strong></span> 
     </span>
    </p>
   </div>
   <div class='ocr_carea' id='block_1_2' title="bbox 191 703 1241 3914">
    <p class='ocr_par' dir='ltr' id='par_1_2' title="bbox 191 703 1241 3914">
     <span class='ocr_line' id='line_1_2' title="bbox 291 703 1224 770; baseline -0.006 -1"><span class='ocrx_word' id='word_1_2' title='bbox 291 705 330 769; x_wconf 90' lang='lat' dir='ltr'><strong><em>In</em></strong></span> <span class='ocrx_word' id='word_1_3' title='bbox 362 703 481 770; x_wconf 86' lang='lat' dir='ltr'><strong><em>Antan.</em></strong></span> <span class='ocrx_word' id='word_1_4' title='bbox 517 703 590 768; x_wconf 85' lang='lat' dir='ltr'><strong>XII.</strong></span> <span class='ocrx_word' id='word_1_5' title='bbox 629 707 657 766; x_wconf 90' lang='lat' dir='ltr'><strong><em>l.</em></strong></span> <span class='ocrx_word' id='word_1_6' title='bbox 695 706 729 767; x_wconf 84' lang='lat'><strong><em>2:</em></strong></span> <span class='ocrx_word' id='word_1_7' title='bbox 774 706 908 767; x_wconf 81' lang='lat' dir='ltr'><strong><em>Accessit</em></strong></span> <span class='ocrx_word' id='word_1_8' title='bbox 939 706 1048 766; x_wconf 87' lang='lat' dir='ltr'><strong><em>consul</em></strong></span> <span class='ocrx_word' id='word_1_9' title='bbox 1071 708 1224 766; x_wconf 79' lang='lat' dir='ltr'><strong><em>hortator.</em></strong></span> 
     </span>
     <span class='ocr_line' id='line_1_3' title="bbox 247 818 1230 908; baseline -0.008 -24"><span class='ocrx_word' id='word_1_10' title='bbox 247 825 366 908; x_wconf 80' lang='lat' dir='ltr'><strong><em>Atqui</em></strong></span> <span class='ocrx_word' id='word_1_11' title='bbox 389 823 517 884; x_wconf 81' lang='lat' dir='ltr'><strong><em>consui!</em></strong></span> <span class='ocrx_word' id='word_1_12' title='bbox 564 823 600 884; x_wconf 83' lang='lat' dir='ltr'><strong><em>st</em></strong></span> <span class='ocrx_word' id='word_1_13' title='bbox 622 823 832 901; x_wconf 78' lang='lat' dir='ltr'><strong><em>prudentiam</em></strong></span> <span class='ocrx_word' id='word_1_14' title='bbox 857 823 1061 905; x_wconf 75' lang='lat' dir='ltr'><strong><em>quaerimus,</em></strong></span> <span class='ocrx_word' id='word_1_15' title='bbox 1089 821 1144 901; x_wconf 83' lang='lat' dir='ltr'><strong><em>pai</em></strong></span> <span class='ocrx_word' id='word_1_16' title='bbox 1167 818 1230 877; x_wconf 92' lang='lat' dir='ltr'><strong><em>mi·</em></strong></span> 
     </span>
     <span class='ocr_line' id='line_1_4' title="bbox 248 936 1232 1018; baseline -0.01 -17"><span class='ocrx_word' id='word_1_17' title='bbox 248 944 336 1001; x_wconf 91' lang='lat' dir='ltr'><strong><em>nime</em></strong></span> <span class='ocrx_word' id='word_1_18' title='bbox 370 940 444 1016; x_wconf 83' lang='lat' dir='ltr'><strong><em>falti</em></strong></span> <span class='ocrx_word' id='word_1_19' title='bbox 476 945 598 1018; x_wconf 88' lang='lat' dir='ltr'><strong><em>posset:</em></strong></span> <span class='ocrx_word' id='word_1_20' title='bbox 636 941 664 998; x_wconf 90' lang='lat' dir='ltr'><strong><em>si</em></strong></span> <span class='ocrx_word' id='word_1_21' title='bbox 695 940 862 1008; x_wconf 86' lang='lat' dir='ltr'><strong><em>virtutem,</em></strong></span> <span class='ocrx_word' id='word_1_22' title='bbox 894 939 949 1018; x_wconf 86' lang='lat' dir='ltr'><strong><em>qui</em></strong></span> <span class='ocrx_word' id='word_1_23' title='bbox 971 936 1097 997; x_wconf 85' lang='lat' dir='ltr'><strong><em>nullam</em></strong></span> <span class='ocrx_word' id='word_1_24' title='bbox 1118 950 1232 1012; x_wconf 88' lang='lat' dir='ltr'><strong><em>pacem</em></strong></span> 
     </span>
     <span class='ocr_line' id='line_1_5' title="bbox 245 1045 1233 1137; baseline -0.007 -22"><span class='ocrx_word' id='word_1_25' title='bbox 245 1056 412 1135; x_wconf 90' lang='lat' dir='ltr'><strong><em>probaret,</em></strong></span> <span class='ocrx_word' id='word_1_26' title='bbox 436 1057 500 1115; x_wconf 89' lang='lat' dir='ltr'><strong><em>nisi</em></strong></span> <span class='ocrx_word' id='word_1_27' title='bbox 523 1055 709 1114; x_wconf 92' lang='lat' dir='ltr'><strong><em>concedente</em></strong></span> <span class='ocrx_word' id='word_1_28' title='bbox 733 1059 829 1137; x_wconf 82' lang='lat' dir='ltr'><strong><em>atque</em></strong></span> <span class='ocrx_word' id='word_1_29' title='bbox 851 1054 940 1112; x_wconf 87' lang='lat' dir='ltr'><strong><em>victo.</em></strong></span> <span class='ocrx_word' id='word_1_30' title='bbox 967 1087 1009 1097; x_wconf 89' lang='lat'>—</span> <span class='ocrx_word' id='word_1_31' title='bbox 1029 1045 1104 1112; x_wconf 88' lang='lat' dir='ltr'><strong><em>Non</em></strong></span> <span class='ocrx_word' id='word_1_32' title='bbox 1127 1068 1233 1130; x_wconf 82' lang='lat' dir='ltr'><strong><em>conee-</em></strong></span> 
     </span>
     <span class='ocr_line' id='line_1_6' title="bbox 248 1164 1233 1250; baseline -0.006 -19"><span class='ocrx_word' id='word_1_33' title='bbox 248 1172 359 1245; x_wconf 90' lang='lat' dir='ltr'><strong><em>dente,</em></strong></span> <span class='ocrx_word' id='word_1_34' title='bbox 394 1166 448 1231; x_wconf 85' lang='lat' dir='ltr'><strong><em>sed</em></strong></span> <span class='ocrx_word' id='word_1_35' title='bbox 480 1189 553 1230; x_wconf 90' lang='lat' dir='ltr'><strong><em>cum</em></strong></span> <span class='ocrx_word' id='word_1_36' title='bbox 587 1169 714 1230; x_wconf 77' lang='lat' dir='ltr'><strong><em>cedente</em></strong></span> <span class='ocrx_word' id='word_1_37' title='bbox 745 1165 915 1250; x_wconf 85' lang='lat' dir='ltr'><strong><em>legendum</em></strong></span> <span class='ocrx_word' id='word_1_38' title='bbox 937 1186 1005 1228; x_wconf 83' lang='lat' dir='ltr'><strong><em>esse</em></strong></span> <span class='ocrx_word' id='word_1_39' title='bbox 1028 1164 1082 1228; x_wconf 82' lang='lat' dir='ltr'><strong><em>vix</em></strong></span> <span class='ocrx_word' id='word_1_40' title='bbox 1105 1182 1233 1227; x_wconf 90' lang='lat' dir='ltr'><strong><em>monere</em></strong></span> 
     </span>
     <span class='ocr_line' id='line_1_7' title="bbox 248 1285 704 1366; baseline -0.004 -20"><span class='ocrx_word' id='word_1_41' title='bbox 248 1304 327 1366; x_wconf 85' lang='lat' dir='ltr'><strong><em>opus</em></strong></span> <span class='ocrx_word' id='word_1_42' title='bbox 351 1285 407 1346; x_wconf 84' lang='lat' dir='ltr'><strong><em>cst.</em></strong></span> <span class='ocrx_word' id='word_1_43' title='bbox 699 1323 704 1336; x_wconf 54' lang='grc' dir='ltr'>ι</span> 
     </span>
     <span class='ocr_line' id='line_1_8' title="bbox 292 1396 1235 1475; baseline -0.01 -14"><span class='ocrx_word' id='word_1_44' title='bbox 292 1396 371 1461; x_wconf 91' lang='lat' dir='ltr'><strong><em>Ibid.</em></strong></span> <span class='ocrx_word' id='word_1_45' title='bbox 398 1398 447 1460; x_wconf 86' lang='lat'><strong><em>17.</em></strong></span> <span class='ocrx_word' id='word_1_46' title='bbox 475 1399 517 1461; x_wconf 84' lang='lat'><strong><em>34</em></strong></span> <span class='ocrx_word' id='word_1_47' title='bbox 541 1397 574 1459; x_wconf 91' lang='lat' dir='ltr'><strong><em>et</em></strong></span> <span class='ocrx_word' id='word_1_48' title='bbox 597 1396 659 1460; x_wconf 86' lang='lat'><strong><em>35:</em></strong></span> <span class='ocrx_word' id='word_1_49' title='bbox 708 1398 838 1471; x_wconf 71' lang='lat' dir='ltr'><strong><em>»Quidi</em></strong></span> <span class='ocrx_word' id='word_1_50' title='bbox 861 1399 917 1457; x_wconf 88' lang='lat' dir='ltr'><strong><em>hoc</em></strong></span> <span class='ocrx_word' id='word_1_51' title='bbox 944 1397 1089 1475; x_wconf 80' lang='lat' dir='ltr'><strong><em>placetne</em></strong></span> <span class='ocrx_word' id='word_1_52' title='bbox 1112 1401 1235 1454; x_wconf 90' lang='lat' dir='ltr'><strong><em>vetera·</em></strong></span> 
     </span>
     <span class='ocr_line' id='line_1_9' title="bbox 248 1508 1236 1596; baseline -0.009 -19"><span class='ocrx_word' id='word_1_53' title='bbox 248 1519 299 1577; x_wconf 90' lang='lat' dir='ltr'><strong><em>nis</em></strong></span> <span class='ocrx_word' id='word_1_54' title='bbox 323 1517 418 1577; x_wconf 72' lang='lat' dir='ltr'><strong><em>istis?</em></strong></span> <span class='ocrx_word' id='word_1_55' title='bbox 442 1516 553 1596; x_wconf 86' lang='lat' dir='ltr'><strong><em>quibas</em></strong></span> <span class='ocrx_word' id='word_1_56' title='bbox 577 1514 685 1573; x_wconf 90' lang='lat' dir='ltr'><strong><em>adhuc</em></strong></span> <span class='ocrx_word' id='word_1_57' title='bbox 709 1515 819 1573; x_wconf 88' lang='lat' dir='ltr'><strong><em>omnia</em></strong></span> <span class='ocrx_word' id='word_1_58' title='bbox 842 1515 969 1591; x_wconf 77' lang='lat' dir='ltr'><strong><em>intepra</em></strong></span> <span class='ocrx_word' id='word_1_59' title='bbox 992 1508 1099 1573; x_wconf 87' lang='lat' dir='ltr'><strong><em>sunt.’&#39;</em></strong></span> <span class='ocrx_word' id='word_1_60' title='bbox 1147 1509 1236 1570; x_wconf 87' lang='lat' dir='ltr'><strong><em>Nihil</em></strong></span> 
     </span>
     <span class='ocr_line' id='line_1_10' title="bbox 248 1631 1234 1711; baseline -0.008 -18"><span class='ocrx_word' id='word_1_61' title='bbox 248 1635 315 1694; x_wconf 86' lang='lat' dir='ltr'><strong><em>aidi</em></strong></span> <span class='ocrx_word' id='word_1_62' title='bbox 338 1639 407 1692; x_wconf 92' lang='lat' dir='ltr'><strong><em>tam</em></strong></span> <span class='ocrx_word' id='word_1_63' title='bbox 430 1635 609 1711; x_wconf 78' lang='lat' dir='ltr'><strong><em>inteprnm,</em></strong></span> <span class='ocrx_word' id='word_1_64' title='bbox 633 1650 729 1709; x_wconf 80' lang='lat' dir='ltr'><strong><em>quam</em></strong></span> <span class='ocrx_word' id='word_1_65' title='bbox 752 1637 790 1689; x_wconf 93' lang='lat' dir='ltr'><strong><em>ut</em></strong></span> <span class='ocrx_word' id='word_1_66' title='bbox 806 1649 992 1710; x_wconf 77' lang='lat' dir='ltr'><strong><em>oppupnare</em></strong></span> <span class='ocrx_word' id='word_1_67' title='bbox 1007 1631 1234 1707; x_wconf 79' lang='lat' dir='ltr'><strong><em>imperatorem</em></strong></span> 
     </span>
     <span class='ocr_line' id='line_1_11' title="bbox 249 1748 1233 1829; baseline -0.008 -19"><span class='ocrx_word' id='word_1_68' title='bbox 249 1751 425 1829; x_wconf 89' lang='lat' dir='ltr'><strong><em>incipiant,</em></strong></span> <span class='ocrx_word' id='word_1_69' title='bbox 460 1767 534 1809; x_wconf 90' lang='lat' dir='ltr'><strong><em>cum</em></strong></span> <span class='ocrx_word' id='word_1_70' title='bbox 569 1755 700 1808; x_wconf 89' lang='lat' dir='ltr'><strong><em>tantum</em></strong></span> <span class='ocrx_word' id='word_1_71' title='bbox 735 1748 880 1807; x_wconf 88' lang='lat' dir='ltr'><strong><em>studium</em></strong></span> <span class='ocrx_word' id='word_1_72' title='bbox 915 1763 1162 1823; x_wconf 79' lang='lat' dir='ltr'><strong><em>consensumque</em></strong></span> <span class='ocrx_word' id='word_1_73' title='bbox 1186 1761 1233 1802; x_wconf 91' lang='lat' dir='ltr'><strong><em>os-</em></strong></span> 
     </span>
     <span class='ocr_line' id='line_1_12' title="bbox 249 1863 1234 1937; baseline -0.005 -13"><span class='ocrx_word' id='word_1_74' title='bbox 249 1867 420 1926; x_wconf 86' lang='lat' dir='ltr'><strong><em>tenderint.</em></strong></span> <span class='ocrx_word' id='word_1_75' title='bbox 472 1864 653 1937; x_wconf 77' lang='lat' dir='ltr'><strong><em>&gt;Quoniam</em></strong></span> <span class='ocrx_word' id='word_1_76' title='bbox 677 1882 729 1923; x_wconf 88' lang='lat' dir='ltr'><strong><em>aas</em></strong></span> <span class='ocrx_word' id='word_1_77' title='bbox 753 1863 1021 1923; x_wconf 78' lang='lat' dir='ltr'><strong><em>assentationibus</em></strong></span> <span class='ocrx_word' id='word_1_78' title='bbox 1045 1867 1074 1921; x_wconf 89' lang='lat' dir='ltr'><strong><em>et</em></strong></span> <span class='ocrx_word' id='word_1_79' title='bbox 1097 1877 1234 1920; x_wconf 90' lang='lat' dir='ltr'><strong><em>venena·</em></strong></span> 
     </span>
     <span class='ocr_line' id='line_1_13' title="bbox 251 1977 1235 2060; baseline -0.005 -19"><span class='ocrx_word' id='word_1_80' title='bbox 251 1984 291 2042; x_wconf 91' lang='lat' dir='ltr'><strong><em>tis</em></strong></span> <span class='ocrx_word' id='word_1_81' title='bbox 314 1982 504 2042; x_wconf 87' lang='lat' dir='ltr'><strong><em>muneribus</em></strong></span> <span class='ocrx_word' id='word_1_82' title='bbox 526 1977 691 2040; x_wconf 80' lang='lat' dir='ltr'><strong><em>aeriistis.&#39;’</em></strong></span> <span class='ocrx_word' id='word_1_83' title='bbox 725 1981 900 2060; x_wconf 90' lang='lat' dir='ltr'><strong><em>Depravati</em></strong></span> <span class='ocrx_word' id='word_1_84' title='bbox 923 2000 968 2040; x_wconf 91' lang='lat' dir='ltr'><strong><em>an</em></strong></span> <span class='ocrx_word' id='word_1_85' title='bbox 983 1979 1128 2057; x_wconf 81' lang='lat' dir='ltr'><strong><em>corrupti</em></strong></span> <span class='ocrx_word' id='word_1_86' title='bbox 1141 1982 1235 2051; x_wconf 90' lang='lat' dir='ltr'><strong><em>sant,</em></strong></span> 
     </span>
     <span class='ocr_line' id='line_1_14' title="bbox 250 2093 1236 2175; baseline -0.007 -20"><span class='ocrx_word' id='word_1_87' title='bbox 250 2097 361 2175; x_wconf 80' lang='lat' dir='ltr'><strong><em>quibus</em></strong></span> <span class='ocrx_word' id='word_1_88' title='bbox 382 2113 575 2175; x_wconf 88' lang='lat' dir='ltr'><strong><em>persuasum</em></strong></span> <span class='ocrx_word' id='word_1_89' title='bbox 604 2097 645 2154; x_wconf 89' lang='lat' dir='ltr'><strong><em>sit</em></strong></span> <span class='ocrx_word' id='word_1_90' title='bbox 668 2096 891 2172; x_wconf 74' lang='lat' dir='ltr'><strong><em>foedissimum</em></strong></span> <span class='ocrx_word' id='word_1_91' title='bbox 915 2096 1036 2154; x_wconf 85' lang='lat' dir='ltr'><strong><em>hostem</em></strong></span> <span class='ocrx_word' id='word_1_92' title='bbox 1061 2093 1236 2152; x_wconf 89' lang='lat' dir='ltr'><strong><em>iustissimo</em></strong></span> 
     </span>
     <span class='ocr_line' id='line_1_15' title="bbox 251 2207 1234 2291; baseline -0.005 -19"><span class='ocrx_word' id='word_1_93' title='bbox 251 2212 325 2272; x_wconf 79' lang='lat' dir='ltr'><strong><em>bello</em></strong></span> <span class='ocrx_word' id='word_1_94' title='bbox 346 2213 517 2291; x_wconf 64' lang='lat' dir='ltr'><strong><em>persequi?</em></strong></span> <span class='ocrx_word' id='word_1_95' title='bbox 547 2212 611 2270; x_wconf 63' lang='lat' dir='ltr'><strong><em>»At</em></strong></span> <span class='ocrx_word' id='word_1_96' title='bbox 636 2212 789 2272; x_wconf 85' lang='lat' dir='ltr'><strong><em>militibus</em></strong></span> <span class='ocrx_word' id='word_1_97' title='bbox 805 2212 937 2272; x_wconf 79' lang='lat' dir='ltr'><strong><em>inclusis</em></strong></span> <span class='ocrx_word' id='word_1_98' title='bbox 952 2230 1042 2290; x_wconf 89' lang='lat' dir='ltr'><strong><em>opem</em></strong></span> <span class='ocrx_word' id='word_1_99' title='bbox 1055 2207 1180 2287; x_wconf 74' lang='lat' dir='ltr'><strong><em>fertis.&#39;&#39;</em></strong></span> <span class='ocrx_word' id='word_1_100' title='bbox 1193 2241 1234 2252; x_wconf 90' lang='lat'><em>-</em></span> 
     </span>
     <span class='ocr_line' id='line_1_16' title="bbox 252 2319 1237 2404; baseline 0 -18"><span class='ocrx_word' id='word_1_101' title='bbox 252 2322 324 2387; x_wconf 82' lang='lat' dir='ltr'><strong>V.v.</strong></span> <span class='ocrx_word' id='word_1_102' title='bbox 341 2327 555 2403; x_wconf 82' lang='lat' dir='ltr'><strong><em>Quid-sunt,</em></strong></span> <span class='ocrx_word' id='word_1_103' title='bbox 581 2328 928 2402; x_wconf 78' lang='lat' dir='ltr'><strong><em>Quoniam—uenistis,</em></strong></span> <span class='ocrx_word' id='word_1_104' title='bbox 941 2327 1121 2404; x_wconf 70' lang='lat' dir='ltr'><strong><em>rit—fertis</em></strong></span> <span class='ocrx_word' id='word_1_105' title='bbox 1132 2319 1237 2386; x_wconf 82' lang='lat' dir='ltr'><strong><em>Anto-</em></strong></span> 
     </span>
     <span class='ocr_line' id='line_1_17' title="bbox 191 2431 1236 2524; baseline -0.004 -21"><span class='ocrx_word' id='word_1_106' title='bbox 191 2431 193 2436; x_wconf 55' lang='grc'>’</span> <span class='ocrx_word' id='word_1_107' title='bbox 253 2439 300 2503; x_wconf 92' lang='lat' dir='ltr'><strong><em>nii</em></strong></span> <span class='ocrx_word' id='word_1_108' title='bbox 312 2443 387 2504; x_wconf 83' lang='lat' dir='ltr'><strong><em>sunt</em></strong></span> <span class='ocrx_word' id='word_1_109' title='bbox 399 2441 434 2503; x_wconf 92' lang='lat' dir='ltr'><strong><em>in</em></strong></span> <span class='ocrx_word' id='word_1_110' title='bbox 446 2441 588 2524; x_wconf 83' lang='lat' dir='ltr'><strong><em>epistola,</em></strong></span> <span class='ocrx_word' id='word_1_111' title='bbox 603 2441 643 2513; x_wconf 78' lang='lat' dir='ltr'><strong><em>ad</em></strong></span> <span class='ocrx_word' id='word_1_112' title='bbox 655 2440 800 2504; x_wconf 76' lang='lat' dir='ltr'><strong><em>Hirtium</em></strong></span> <span class='ocrx_word' id='word_1_113' title='bbox 812 2444 845 2504; x_wconf 87' lang='lat' dir='ltr'><strong><em>et</em></strong></span> <span class='ocrx_word' id='word_1_114' title='bbox 857 2439 1023 2505; x_wconf 82' lang='lat' dir='ltr'><strong><em>Caesarem</em></strong></span> <span class='ocrx_word' id='word_1_115' title='bbox 1034 2439 1121 2516; x_wconf 87' lang='lat' dir='ltr'><strong><em>data,</em></strong></span> <span class='ocrx_word' id='word_1_116' title='bbox 1146 2437 1236 2502; x_wconf 84' lang='lat' dir='ltr'><strong><em>cuiue</em></strong></span> 
     </span>
     <span class='ocr_line' id='line_1_18' title="bbox 253 2554 1235 2640; baseline -0.002 -22"><span class='ocrx_word' id='word_1_117' title='bbox 253 2555 394 2639; x_wconf 83' lang='lat' dir='ltr'><strong><em>singulas</em></strong></span> <span class='ocrx_word' id='word_1_118' title='bbox 417 2558 523 2640; x_wconf 83' lang='lat' dir='ltr'><strong><em>partes</em></strong></span> <span class='ocrx_word' id='word_1_119' title='bbox 547 2554 656 2620; x_wconf 78' lang='lat' dir='ltr'><strong><em>Cicero</em></strong></span> <span class='ocrx_word' id='word_1_120' title='bbox 681 2556 821 2620; x_wconf 87' lang='lat' dir='ltr'><strong><em>oratione</em></strong></span> <span class='ocrx_word' id='word_1_121' title='bbox 846 2556 1003 2639; x_wconf 78' lang='lat' dir='ltr'><strong><em>percurrit</em></strong></span> <span class='ocrx_word' id='word_1_122' title='bbox 1019 2558 1051 2619; x_wconf 86' lang='lat' dir='ltr'><strong><em>et</em></strong></span> <span class='ocrx_word' id='word_1_123' title='bbox 1063 2554 1235 2618; x_wconf 85' lang='lat' dir='ltr'><strong><em>examinat.</em></strong></span> 
     </span>
     <span class='ocr_line' id='line_1_19' title="bbox 255 2671 1238 2756; baseline -0.003 -19"><span class='ocrx_word' id='word_1_124' title='bbox 255 2677 593 2748; x_wconf 82' lang='lat' dir='ltr'><strong><em>Quoniam-venistis</em></strong></span> <span class='ocrx_word' id='word_1_125' title='bbox 618 2674 731 2738; x_wconf 91' lang='lat' dir='ltr'><strong><em>mendo</em></strong></span> <span class='ocrx_word' id='word_1_126' title='bbox 744 2674 970 2750; x_wconf 85' lang='lat' dir='ltr'><strong><em>obscurantur,</em></strong></span> <span class='ocrx_word' id='word_1_127' title='bbox 994 2672 1076 2756; x_wconf 92' lang='lat' dir='ltr'><strong><em>quod</em></strong></span> <span class='ocrx_word' id='word_1_128' title='bbox 1087 2671 1238 2736; x_wconf 85' lang='lat' dir='ltr'><strong><em>facillime</em></strong></span> 
     </span>
     <span class='ocr_line' id='line_1_20' title="bbox 252 2785 1237 2873; baseline -0.004 -22"><span class='ocrx_word' id='word_1_129' title='bbox 252 2787 324 2851; x_wconf 91' lang='lat' dir='ltr'><strong><em>tolli</em></strong></span> <span class='ocrx_word' id='word_1_130' title='bbox 347 2809 437 2871; x_wconf 84' lang='lat' dir='ltr'><strong><em>posse</em></strong></span> <span class='ocrx_word' id='word_1_131' title='bbox 460 2787 589 2851; x_wconf 90' lang='lat' dir='ltr'><strong><em>videtur</em></strong></span> <span class='ocrx_word' id='word_1_132' title='bbox 612 2789 640 2851; x_wconf 84' lang='lat' dir='ltr'><strong><em>ei</em></strong></span> <span class='ocrx_word' id='word_1_133' title='bbox 663 2791 734 2873; x_wconf 83' lang='lat' dir='ltr'><strong><em>poet</em></strong></span> <span class='ocrx_word' id='word_1_134' title='bbox 757 2810 809 2851; x_wconf 86' lang='lat' dir='ltr'><strong><em>vos</em></strong></span> <span class='ocrx_word' id='word_1_135' title='bbox 833 2810 882 2852; x_wconf 89' lang='lat' dir='ltr'><strong><em>eos</em></strong></span> <span class='ocrx_word' id='word_1_136' title='bbox 906 2789 1025 2852; x_wconf 84' lang='lat' dir='ltr'><strong><em>inserto</em></strong></span> <span class='ocrx_word' id='word_1_137' title='bbox 1049 2791 1180 2849; x_wconf 86' lang='lat' dir='ltr'><strong><em>venistis</em></strong></span> <span class='ocrx_word' id='word_1_138' title='bbox 1203 2785 1237 2847; x_wconf 89' lang='lat' dir='ltr'><strong><em>in</em></strong></span> 
     </span>
     <span class='ocr_line' id='line_1_21' title="bbox 254 2903 1239 2985; baseline -0.001 -17"><span class='ocrx_word' id='word_1_139' title='bbox 254 2910 384 2984; x_wconf 83' lang='lat' dir='ltr'><strong><em>emistis,</em></strong></span> <span class='ocrx_word' id='word_1_140' title='bbox 409 2905 429 2967; x_wconf 92' lang='lat' dir='ltr'><strong><em>i.</em></strong></span> <span class='ocrx_word' id='word_1_141' title='bbox 455 2926 481 2968; x_wconf 92' lang='lat' dir='ltr'><strong><em>e.</em></strong></span> <span class='ocrx_word' id='word_1_142' title='bbox 508 2907 708 2985; x_wconf 89' lang='lat' dir='ltr'><strong><em>corrupistis,</em></strong></span> <span class='ocrx_word' id='word_1_143' title='bbox 733 2907 915 2970; x_wconf 84' lang='lat' dir='ltr'><strong><em>correxeris.</em></strong></span> <span class='ocrx_word' id='word_1_144' title='bbox 963 2903 1008 2968; x_wconf 86' lang='lat' dir='ltr'><strong><em>At</em></strong></span> <span class='ocrx_word' id='word_1_145' title='bbox 1032 2904 1081 2968; x_wconf 81' lang='lat' dir='ltr'><strong><em>vel</em></strong></span> <span class='ocrx_word' id='word_1_146' title='bbox 1106 2904 1151 2969; x_wconf 82' lang='lat' dir='ltr'><strong><em>sic</em></strong></span> <span class='ocrx_word' id='word_1_147' title='bbox 1174 2924 1239 2974; x_wconf 88' lang='lat' dir='ltr'><strong><em>non</em></strong></span> 
     </span>
     <span class='ocr_line' id='line_1_22' title="bbox 253 3018 1236 3108; baseline -0.003 -24"><span class='ocrx_word' id='word_1_148' title='bbox 253 3024 327 3106; x_wconf 88' lang='lat' dir='ltr'><strong><em>apte</em></strong></span> <span class='ocrx_word' id='word_1_149' title='bbox 359 3021 527 3085; x_wconf 80' lang='lat' dir='ltr'><strong><em>cohaerent</em></strong></span> <span class='ocrx_word' id='word_1_150' title='bbox 550 3041 610 3084; x_wconf 89' lang='lat' dir='ltr'><strong><em>nec</em></strong></span> <span class='ocrx_word' id='word_1_151' title='bbox 634 3041 706 3084; x_wconf 90' lang='lat' dir='ltr'><strong><em>cum</em></strong></span> <span class='ocrx_word' id='word_1_152' title='bbox 729 3019 989 3105; x_wconf 82' lang='lat' dir='ltr'><strong><em>praecedentibus</em></strong></span> <span class='ocrx_word' id='word_1_153' title='bbox 1013 3018 1163 3108; x_wconf 83' lang='lat' dir='ltr'><strong><em>epistolae</em></strong></span> <span class='ocrx_word' id='word_1_154' title='bbox 1186 3040 1236 3082; x_wconf 81' lang='lat' dir='ltr'><strong><em>vv.</em></strong></span> 
     </span>
     <span class='ocr_line' id='line_1_23' title="bbox 254 3139 1236 3219; baseline -0.001 -22"><span class='ocrx_word' id='word_1_155' title='bbox 254 3139 364 3216; x_wconf 78' lang='lat' dir='ltr'><strong><em>quibas</em></strong></span> <span class='ocrx_word' id='word_1_156' title='bbox 399 3141 509 3198; x_wconf 90' lang='lat' dir='ltr'><strong><em>omnia</em></strong></span> <span class='ocrx_word' id='word_1_157' title='bbox 544 3139 648 3199; x_wconf 90' lang='lat' dir='ltr'><strong><em>adhuc</em></strong></span> <span class='ocrx_word' id='word_1_158' title='bbox 682 3142 808 3217; x_wconf 78' lang='lat' dir='ltr'><strong><em>intepra</em></strong></span> <span class='ocrx_word' id='word_1_159' title='bbox 839 3146 929 3210; x_wconf 83' lang='lat' dir='ltr'><strong><em>sunt,</em></strong></span> <span class='ocrx_word' id='word_1_160' title='bbox 967 3157 1026 3200; x_wconf 90' lang='lat' dir='ltr'><strong><em>neo</em></strong></span> <span class='ocrx_word' id='word_1_161' title='bbox 1057 3157 1129 3199; x_wconf 91' lang='lat' dir='ltr'><strong><em>cum</em></strong></span> <span class='ocrx_word' id='word_1_162' title='bbox 1152 3151 1236 3219; x_wconf 84' lang='lat' dir='ltr'><strong><em>seqq.</em></strong></span> 
     </span>
     <span class='ocr_line' id='line_1_24' title="bbox 255 3250 1241 3328; baseline -0.001 -15"><span class='ocrx_word' id='word_1_163' title='bbox 255 3254 295 3313; x_wconf 87' lang='lat' dir='ltr'><strong><em>At</em></strong></span> <span class='ocrx_word' id='word_1_164' title='bbox 333 3255 498 3315; x_wconf 84' lang='lat' dir='ltr'><strong><em>militibus.</em></strong></span> <span class='ocrx_word' id='word_1_165' title='bbox 546 3251 646 3328; x_wconf 77' lang='lat' dir='ltr'><strong><em>Quam</em></strong></span> <span class='ocrx_word' id='word_1_166' title='bbox 681 3250 720 3315; x_wconf 92' lang='lat' dir='ltr'><strong><em>ob</em></strong></span> <span class='ocrx_word' id='word_1_167' title='bbox 755 3273 822 3316; x_wconf 90' lang='lat' dir='ltr'><strong><em>rem</em></strong></span> <span class='ocrx_word' id='word_1_168' title='bbox 845 3273 895 3316; x_wconf 88' lang='lat' dir='ltr'><strong><em>vv.</em></strong></span> <span class='ocrx_word' id='word_1_169' title='bbox 922 3274 995 3314; x_wconf 90' lang='lat' dir='ltr'><strong><em>cam</em></strong></span> <span class='ocrx_word' id='word_1_170' title='bbox 1019 3259 1148 3314; x_wconf 90' lang='lat' dir='ltr'><strong><em>tantam</em></strong></span> <span class='ocrx_word' id='word_1_171' title='bbox 1173 3259 1241 3314; x_wconf 88' lang='lat' dir='ltr'><strong><em>stu·</em></strong></span> 
     </span>
     <span class='ocr_line' id='line_1_25' title="bbox 254 3366 1238 3453; baseline -0.002 -21"><span class='ocrx_word' id='word_1_172' title='bbox 254 3375 347 3433; x_wconf 84' lang='lat' dir='ltr'><strong><em>dium</em></strong></span> <span class='ocrx_word' id='word_1_173' title='bbox 382 3378 630 3453; x_wconf 81' lang='lat' dir='ltr'><strong><em>consensumque</em></strong></span> <span class='ocrx_word' id='word_1_174' title='bbox 664 3374 862 3434; x_wconf 81' lang='lat' dir='ltr'><strong><em>ostenderint</em></strong></span> <span class='ocrx_word' id='word_1_175' title='bbox 896 3366 1038 3433; x_wconf 87' lang='lat' dir='ltr'><strong><em>Antonio</em></strong></span> <span class='ocrx_word' id='word_1_176' title='bbox 1070 3367 1238 3431; x_wconf 88' lang='lat' dir='ltr'><strong><em>tribuenda</em></strong></span> 
     </span>
     <span class='ocr_line' id='line_1_26' title="bbox 255 3483 1238 3569; baseline -0.001 -21"><span class='ocrx_word' id='word_1_177' title='bbox 255 3485 412 3549; x_wconf 84' lang='lat' dir='ltr'><strong><em>existima.</em></strong></span> <span class='ocrx_word' id='word_1_178' title='bbox 468 3483 643 3569; x_wconf 81' lang='lat' dir='ltr'><strong><em>Scripserat</em></strong></span> <span class='ocrx_word' id='word_1_179' title='bbox 677 3487 831 3551; x_wconf 88' lang='lat' dir='ltr'><strong><em>nimirum</em></strong></span> <span class='ocrx_word' id='word_1_180' title='bbox 866 3484 1044 3564; x_wconf 86' lang='lat' dir='ltr'><strong><em>Antonius,</em></strong></span> <span class='ocrx_word' id='word_1_181' title='bbox 1079 3485 1238 3550; x_wconf 81' lang='lat' dir='ltr'><strong><em>veteranis</em></strong></span> 
     </span>
     <span class='ocr_line' id='line_1_27' title="bbox 255 3598 1237 3685; baseline -0.001 -22"><span class='ocrx_word' id='word_1_182' title='bbox 255 3599 361 3663; x_wconf 89' lang='lat' dir='ltr'><strong><em>omnia</em></strong></span> <span class='ocrx_word' id='word_1_183' title='bbox 383 3599 484 3663; x_wconf 89' lang='lat' dir='ltr'><strong><em>adhuc</em></strong></span> <span class='ocrx_word' id='word_1_184' title='bbox 509 3600 634 3684; x_wconf 83' lang='lat' dir='ltr'><strong><em>integre</em></strong></span> <span class='ocrx_word' id='word_1_185' title='bbox 658 3621 742 3676; x_wconf 87' lang='lat' dir='ltr'><strong><em>esee,</em></strong></span> <span class='ocrx_word' id='word_1_186' title='bbox 765 3600 823 3676; x_wconf 85' lang='lat' dir='ltr'><strong><em>iis,</em></strong></span> <span class='ocrx_word' id='word_1_187' title='bbox 847 3601 954 3664; x_wconf 88' lang='lat' dir='ltr'><strong><em>neutri</em></strong></span> <span class='ocrx_word' id='word_1_188' title='bbox 977 3600 1061 3685; x_wconf 86' lang='lat' dir='ltr'><strong><em>parti</em></strong></span> <span class='ocrx_word' id='word_1_189' title='bbox 1085 3598 1237 3677; x_wconf 81' lang='lat' dir='ltr'><strong><em>addictis,</em></strong></span> 
     </span>
     <span class='ocr_line' id='line_1_28' title="bbox 254 3713 1237 3798; baseline 0.004 -24"><span class='ocrx_word' id='word_1_190' title='bbox 254 3713 357 3778; x_wconf 83' lang='lat' dir='ltr'><strong><em>facere</em></strong></span> <span class='ocrx_word' id='word_1_191' title='bbox 380 3713 493 3793; x_wconf 87' lang='lat' dir='ltr'><strong><em>licere,</em></strong></span> <span class='ocrx_word' id='word_1_192' title='bbox 516 3713 734 3798; x_wconf 91' lang='lat' dir='ltr'><strong><em>quodcumque</em></strong></span> <span class='ocrx_word' id='word_1_193' title='bbox 758 3715 886 3779; x_wconf 82' lang='lat' dir='ltr'><strong><em>vellent.</em></strong></span> <span class='ocrx_word' id='word_1_194' title='bbox 912 3715 980 3792; x_wconf 77' lang='lat' dir='ltr'><strong><em>Quo</em></strong></span> <span class='ocrx_word' id='word_1_195' title='bbox 993 3714 1117 3780; x_wconf 78' lang='lat' dir='ltr'><strong><em>Cicero:</em></strong></span> <span class='ocrx_word' id='word_1_196' title='bbox 1142 3715 1237 3778; x_wconf 89' lang='lat' dir='ltr'><strong><em>immo</em></strong></span> 
     </span>
     <span class='ocr_line' id='line_1_29' title="bbox 254 3826 1236 3914; baseline 0.003 -26"><span class='ocrx_word' id='word_1_197' title='bbox 254 3826 337 3889; x_wconf 91' lang='lat' dir='ltr'><strong><em>nihil</em></strong></span> <span class='ocrx_word' id='word_1_198' title='bbox 370 3831 437 3891; x_wconf 84' lang='lat' dir='ltr'><strong><em>tam</em></strong></span> <span class='ocrx_word' id='word_1_199' title='bbox 473 3828 513 3891; x_wconf 87' lang='lat' dir='ltr'><strong><em>iis</em></strong></span> <span class='ocrx_word' id='word_1_200' title='bbox 548 3828 639 3906; x_wconf 87' lang='lat' dir='ltr'><strong><em>licet,</em></strong></span> <span class='ocrx_word' id='word_1_201' title='bbox 675 3850 769 3912; x_wconf 89' lang='lat' dir='ltr'><strong><em>quam</em></strong></span> <span class='ocrx_word' id='word_1_202' title='bbox 800 3828 1021 3912; x_wconf 81' lang='lat' dir='ltr'><strong><em>imperatorem</em></strong></span> <span class='ocrx_word' id='word_1_203' title='bbox 1045 3851 1236 3914; x_wconf 81' lang='lat' dir='ltr'><strong><em>oppugnare.</em></strong></span> 
     </span>
    </p>
   </div>
   <div class='ocr_carea' id='block_1_3' title="bbox 163 3939 1237 4027">
    <p class='ocr_par' dir='ltr' id='par_1_3' title="bbox 163 3939 1237 4027">
     <span class='ocr_line' id='line_1_30' title="bbox 163 3939 1237 4027; baseline 0.006 -23"><span class='ocrx_word' id='word_1_204' title='bbox 163 3947 166 3958; x_wconf 89' lang='lat'>&#39;</span> <span class='ocrx_word' id='word_1_205' title='bbox 255 3939 366 4027; x_wconf 87' lang='lat' dir='ltr'><strong><em>Pergit</em></strong></span> <span class='ocrx_word' id='word_1_206' title='bbox 388 3941 564 4009; x_wconf 82' lang='lat' dir='ltr'><strong><em>Antonius:</em></strong></span> <span class='ocrx_word' id='word_1_207' title='bbox 591 3944 661 4009; x_wconf 90' lang='lat' dir='ltr'><strong><em>ideo</em></strong></span> <span class='ocrx_word' id='word_1_208' title='bbox 684 3945 770 4008; x_wconf 92' lang='lat' dir='ltr'><strong><em>enim</em></strong></span> <span class='ocrx_word' id='word_1_209' title='bbox 791 3948 917 4009; x_wconf 88' lang='lat' dir='ltr'><strong><em>tantum</em></strong></span> <span class='ocrx_word' id='word_1_210' title='bbox 941 3946 1082 4016; x_wconf 81' lang='lat' dir='ltr'><strong><em>studium</em></strong></span> <span class='ocrx_word' id='word_1_211' title='bbox 1106 3968 1237 4011; x_wconf 86' lang='lat' dir='ltr'><strong><em>consen·</em></strong></span> 
     </span>
    </p>
   </div>
   <div class='ocr_carea' id='block_1_4' title="bbox 255 4060 1320 4374">
    <p class='ocr_par' dir='ltr' id='par_1_4' title="bbox 255 4060 1320 4374">
     <span class='ocr_line' id='line_1_31' title="bbox 255 4060 1320 4146; baseline 0.008 -27"><span class='ocrx_word' id='word_1_212' title='bbox 255 4078 387 4143; x_wconf 84' lang='lat' dir='ltr'><strong><em>sumque</em></strong></span> <span class='ocrx_word' id='word_1_213' title='bbox 410 4060 578 4145; x_wconf 78' lang='lat' dir='ltr'><strong><em>(veterani)</em></strong></span> <span class='ocrx_word' id='word_1_214' title='bbox 601 4061 823 4146; x_wconf 85' lang='lat' dir='ltr'><strong><em>ostenderunt,</em></strong></span> <span class='ocrx_word' id='word_1_215' title='bbox 859 4082 957 4145; x_wconf 88' lang='lat' dir='ltr'><strong><em>quum</em></strong></span> <span class='ocrx_word' id='word_1_216' title='bbox 979 4084 1034 4126; x_wconf 86' lang='lat' dir='ltr'><strong><em>vos</em></strong></span> <span class='ocrx_word' id='word_1_217' title='bbox 1057 4085 1109 4128; x_wconf 85' lang='lat' dir='ltr'><strong><em>eos</em></strong></span> <span class='ocrx_word' id='word_1_218' title='bbox 1132 4084 1237 4127; x_wconf 88' lang='lat' dir='ltr'><strong><em>corrn-</em></strong></span> <span class='ocrx_word' id='word_1_219' title='bbox 1317 4085 1320 4092; x_wconf 93' lang='lat'>·</span> 
     </span>
     <span class='ocr_line' id='line_1_32' title="bbox 256 4171 1234 4259; baseline 0.006 -24"><span class='ocrx_word' id='word_1_220' title='bbox 256 4173 357 4255; x_wconf 82' lang='lat' dir='ltr'><strong><em>pistis.</em></strong></span> <span class='ocrx_word' id='word_1_221' title='bbox 404 4171 466 4237; x_wconf 88' lang='lat' dir='ltr'><strong><em>Pro</em></strong></span> <span class='ocrx_word' id='word_1_222' title='bbox 493 4177 638 4259; x_wconf 84' lang='lat' dir='ltr'><strong><em>sequenti</em></strong></span> <span class='ocrx_word' id='word_1_223' title='bbox 660 4199 705 4239; x_wconf 88' lang='lat' dir='ltr'><strong><em>an</em></strong></span> <span class='ocrx_word' id='word_1_224' title='bbox 728 4197 801 4240; x_wconf 90' lang='lat' dir='ltr'><strong><em>cum</em></strong></span> <span class='ocrx_word' id='word_1_225' title='bbox 823 4175 969 4239; x_wconf 84' lang='lat' dir='ltr'><strong><em>Weiskio</em></strong></span> <span class='ocrx_word' id='word_1_226' title='bbox 991 4186 1050 4240; x_wconf 91' lang='lat' dir='ltr'><strong><em>aut</em></strong></span> <span class='ocrx_word' id='word_1_227' title='bbox 1072 4176 1234 4242; x_wconf 84' lang='lat' dir='ltr'><strong><em>substitui.</em></strong></span> 
     </span>
     <span class='ocr_line' id='line_1_33' title="bbox 256 4287 1237 4374; baseline 0.005 -23"><span class='ocrx_word' id='word_1_228' title='bbox 256 4287 440 4374; x_wconf 83' lang='lat' dir='ltr'><strong><em>Legendum</em></strong></span> <span class='ocrx_word' id='word_1_229' title='bbox 463 4290 563 4374; x_wconf 84' lang='lat' dir='ltr'><strong><em>igitur</em></strong></span> <span class='ocrx_word' id='word_1_230' title='bbox 586 4296 650 4357; x_wconf 85' lang='lat' dir='ltr'><strong><em>est:</em></strong></span> <span class='ocrx_word' id='word_1_231' title='bbox 688 4297 819 4369; x_wconf 76' lang='lat' dir='ltr'><strong><em>»Quidi</em></strong></span> <span class='ocrx_word' id='word_1_232' title='bbox 841 4299 898 4359; x_wconf 89' lang='lat' dir='ltr'><strong><em>hoe</em></strong></span> <span class='ocrx_word' id='word_1_233' title='bbox 920 4296 1063 4374; x_wconf 87' lang='lat' dir='ltr'><strong><em>placetne</em></strong></span> <span class='ocrx_word' id='word_1_234' title='bbox 1080 4299 1237 4357; x_wconf 87' lang='lat' dir='ltr'><strong><em>veteranis</em></strong></span> 
     </span>
    </p>
   </div>
   <div class='ocr_carea' id='block_1_5' title="bbox 0 0 1618 5114">
    <p class='ocr_par' dir='ltr' id='par_1_5' title="bbox 0 0 1618 5114">
     <span class='ocr_line' id='line_1_34' title="bbox 0 0 1618 5114; baseline 0 0"><span class='ocrx_word' id='word_1_235' title='bbox 0 0 1618 5114; x_wconf 95' lang='lat' dir='ltr'><strong><em> </em></strong></span> 
     </span>
    </p>
   </div>
  </div>
 </body>
</html>
