3188 5112
817 498 857 560 78

346 697 434 782 istis,
468 706 580 785 quibus
614 707 719 766 adhuc
745 708 856 765 omnia
878 708 1005 784 intepra
1029 703 1149 766 suntl”
1173 737 1214 749 -
1241 705 1330 765 Nihil

346 826 413 885 uidi
436 831 505 884 tum
527 827 708 902 intumum,
732 844 827 903 quam
846 831 882 884 ut
902 843 1088 903 oppuqnare
1103 826 1329 902 imperatorem

346 944 508 1021 incipiant
541 977 581 986 -—
609 931 702 1002 »cum
737 949 868 1003 tantum
902 943 1048 1002 studium
1083 958 1330 1017 consensumque

347 1059 557 1132 ostenderint,
581 1061 733 1137 quoniam
756 1078 808 1119 vos
831 1077 883 1118 eos
907 1057 1174 1118 assentationibus
1191 1063 1221 1116 et
1236 1075 1328 1116 oene-

347 1177 434 1265 natis
468 1175 655 1236 numinibus
689 1172 841 1236 emistis.’'
887 1176 1063 1255 Depruoati
1099 1179 1157 1233 aul
1188 1174 1331 1250 corrupti

347 1296 423 1350 sunt
446 1297 515 1351 cett.

391 1401 472 1465 Ibid.
500 1405 550 1466 18.
577 1403 618 1467 37
629 1422 637 1464 t
683 1406 713 1466 Is
746 1409 844 1466 etiam
868 1408 1013 1485 queritur
1035 1405 1230 1465 conditiones
1255 1421 1330 1464 suas

348 1524 556 1601 repudiatas;
570 1567 689 1583 ......
733 1530 772 1582 ut
812 1522 958 1583 Alaudae
994 1525 1030 1582 in
1068 1523 1164 1582 tortia
1200 1522 1331 1580 decuria

348 1640 548 1713 iudicarent,
573 1641 608 1698 icl
631 1645 692 1708 est,
715 1645 752 1698 ut
772 1640 962 1717 perfuqium
985 1637 1139 1698 scelerum
1161 1640 1239 1695 esset
1257 1653 1331 1694 cum

348 1757 545 1834 turpissimis
574 1754 787 1833 reipublicae
810 1754 961 1814 sordibus.
986 1787 1029 1798 -
1055 1751 1152 1824 Cum,
1188 1745 1272 1829 quod
1296 1747 1331 1809 in

348 1869 494 1932 ommibus
518 1867 612 1931 Oodd.
637 1867 773 1951 legitur,
795 1869 871 1950 quia
893 1868 923 1930 h.
940 1867 959 1929 l.
984 1867 1129 1953 ineptam
1152 1866 1210 1942 sit,
1234 1863 1331 1928 variis

349 1985 539 2050 coniecturis
570 1985 633 2050 viri
662 1985 746 2049 docti
777 1985 827 2046 usi
850 1987 926 2047 sunl
948 1983 988 2047 ad
1010 1983 1115 2048 locum
1139 1981 1330 2059 sanandum,

348 2122 482 2184 quarum
515 2103 623 2165 tamen
656 2101 745 2165 nulla
775 2098 946 2183 probabilis
970 2099 1104 2163 videtur.
1150 2096 1266 2162 Nescio
1288 2118 1331 2159 an

350 2216 459 2282 Cicero
489 2219 650 2301 scripserit
681 2239 745 2281 non
768 2205 1058 2299 cumturpissimis,
1074 2249 1075 2254 .
1093 2215 1148 2279 sed
1171 2223 1338 2294 contemp-⁴

350 2338 492 2399 tissimis.

394 2451 434 2516 In
456 2450 576 2516 Anion.
601 2449 689 2515 XIV.
717 2452 746 2514 5.
774 2453 831 2515 13:
864 2454 973 2514 Etiam
997 2456 1033 2513 in
1057 2472 1122 2527 eos,
1146 2455 1201 2531 qui
1224 2469 1332 2511 omnes

350 2589 425 2629 suas
459 2589 552 2630 curas
575 2572 611 2629 in
635 2572 683 2629 rei
703 2570 848 2648 publicae
871 2570 973 2630 salute
996 2571 1157 2648 defiqunt,
1193 2571 1331 2647 impetus

257 2681 260 2687 ’
349 2689 471 2746 crimen
494 2688 678 2765 inuidiaque
701 2693 880 2765 quaeretur.
907 2683 1105 2761 -Locum,
1129 2685 1166 2746 ut
1187 2703 1274 2745 nunc
1296 2681 1331 2742 in

350 2799 418 2864 edd.
442 2800 538 2884 vulgo
553 2801 688 2885 legitur,
712 2821 776 2894 pro·
786 2804 932 2884 corrupto
948 2800 1128 2865 habendum
1140 2821 1222 2876 esso,
1246 2800 1332 2862 recte

349 2913 497 2978 Halmius
529 2915 705 2978 annotavit.
753 2914 908 2990 Quoniam
943 2921 1081 2998 impetus
1104 2921 1225 2978 crimen
1247 2920 1332 2978 inui-

349 3036 464 3112 diaque
497 3030 630 3095 absurde
660 3033 815 3116 scriplum
838 3033 896 3110 sit,
932 3037 988 3097 aut
1010 3038 1187 3115 impietatis
1210 3037 1332 3116 crimen

350 3150 554 3226 inuidiaque,
589 3148 645 3208 sui
681 3152 802 3210 crimen
837 3151 1021 3229 invidiaque
1055 3148 1156 3211 delebo
1193 3153 1332 3228 impetus

351 3259 572 3344 corrigendum
596 3263 713 3324 censet.
761 3261 900 3336 Quorum
923 3265 1072 3328 neutrum
1093 3263 1198 3347 probo.
1230 3260 1332 3326 Medi·

352 3375 423 3438 cina
457 3374 594 3458 petenda
628 3375 755 3439 videtur
778 3398 817 3440 ex
840 3375 937 3441 Acad.
963 3376 1004 3440 H.
1032 3378 1082 3441 15.
1108 3379 1168 3441 46:
1214 3380 1331 3438 Aduer-

351 3499 443 3554 sotur
477 3496 565 3554 enim
596 3495 760 3572 primum,
794 3496 874 3572 quocl
894 3514 1017 3573 parum
1040 3496 1183 3574 defipunt
1206 3497 1331 3554 animos

352 3617 381 3670 et
416 3611 591 3669 intendunt
623 3611 659 3669 in
690 3629 744 3684 ca,
775 3628 855 3688 quae
886 3613 1057 3690 perspicua
1091 3617 1176 3670 sunt.
1224 3607 1332 3669 Etiam

351 3724 459 3785 nostro
491 3721 558 3784 loco
593 3720 669 3784 olim
704 3722 858 3805 scriptum
892 3743 960 3785 csse
996 3722 1117 3787 conicio
1143 3728 1198 3804 qui
1225 3744 1332 3784 omnes

351 3859 427 3901 suas
461 3859 566 3900 curas*
587 3842 625 3899 in
657 3842 704 3899 rei
733 3841 879 3918 publicae
901 3825 1038 3900 salutem
1062 3841 1206 3919 defipunt
1229 3845 1258 3900 et
1281 3842 1332 3899 in-

352 3955 509 4027 tendunt,
533 3957 655 4014 crimen
677 3956 861 4033 invidiaque
884 3960 1064 4032 quaeretur.

396 4067 445 4131 De
468 4067 548 4152 Imp.
573 4066 630 4132 On.
655 4067 764 4152 Pomp.
791 4070 820 4132 7.
848 4072 909 4133 18:
934 4073 1062 4133 Etenim
1081 4074 1229 4151 primum
1252 4071 1333 4132 illud

350 4193 447 4268 parui
470 4174 587 4269 rescit,
611 4210 668 4251 nos
688 4191 868 4270 publicanis
891 4193 1018 4251 amissis
1041 4174 1207 4270 vectipalia
1222 4197 1333 4270 postea

354 4309 486 4367 uictoria
520 4327 729 4387 recuperare;
763 4327 863 4386 neque
897 4312 984 4370 enim
1018 4312 1119 4371 isdem
1153 4311 1332 4371 redimendi
