3190 5114
739 486 780 548 59

384 823 387 828 Ι
471 744 535 808 NNN
553 744 725 809 cernone!
744 743 859 808 onnus
877 743 1035 806 menaeus.

308 929 341 994 C.
376 935 413 1007 4,
448 929 487 993 5:
522 940 552 994 et
585 934 653 994 olio
685 935 841 994 dicantar
874 932 913 991 ob
947 932 1038 1006 aliis,
1072 951 1154 1011 quoe
1175 934 1247 1012 ipsa

265 1068 385 1128 qaoque
417 1069 483 1110 noa
517 1033 698 1112 tdeebimas.
733 1069 813 1110 nom
842 1049 987 1128 plerique
1018 1049 1249 1128 plodiotoriom·

261 1187 408 1246 pappam
430 1187 505 1230 eum
527 1169 704 1230 exhibuisse
726 1170 882 1229 dixerant
903 1173 934 1227 et
956 1173 1085 1246 occepta
1106 1168 1183 1229 radi
1203 1164 1247 1228 od

264 1283 412 1361 Africam
435 1287 505 1346 isse.
520 1321 564 1333 -
580 1281 761 1346 Macrinum
782 1281 944 1344 hominem
967 1280 1044 1344 olim
1059 1281 1245 1366 ignobilem,

265 1397 425 1461 sordidum
459 1401 492 1462 ei
526 1420 674 1483 spurcum
696 1419 761 1463 non
783 1395 1005 1480 gladiatoriam
1027 1415 1169 1481 pugnam
1192 1417 1247 1461 ear·

264 1515 415 1592 hibuiese,
438 1513 564 1598 opinor,
588 1513 643 1578 sed
665 1519 842 1579 exercuisse
864 1512 1023 1577 dixerunt.

671 1753 841 1764 ι---.-,

414 1915 486 1977 ΑΗΙΙ
505 1915 652 1979 [ΛΜΡΒΙΒΙΙ
670 1914 844 1979 ANTONINUS
863 1915 1097 1978 anlooaonus.

308 2093 341 2158 O.
367 2098 402 2164 4,
433 2098 469 2158 1:
500 2098 621 2160 Deinde
643 2099 698 2159 obi
709 2101 857 2177 primam
871 2100 957 2160 diem
973 2105 1103 2160 renatae
1117 2099 1245 2173 habuit,

263 2218 400 2272 matrem
435 2230 529 2272 suom
563 2214 600 2271 ia
634 2219 783 2273 senatum
809 2215 917 2292 reperi
939 2215 1042 2274 iussit.
1068 2231 1149 2291 qaae
1171 2232 1245 2274 eum

263 2331 419 2420 venisset,
465 2334 575 2388 vocata
612 2330 655 2388 od
693 2329 859 2390 consulum
899 2328 1046 2390 subsellia
1085 2329 1245 2389 scribendo

263 2445 388 2522 adfuit,
412 2440 459 2526 [id
482 2443 531 2504 oei
554 2444 682 2505 senatos
706 2442 844 2506 consulti
867 2441 1055 2508 oonfioiendi
1068 2442 1185 2526 iestis}
1203 2481 1244 2490 —

262 2554 386 2619 Uiiima
414 2554 526 2633 verba,
560 2577 640 2640 quae
664 2558 754 2621 uncis
777 2556 910 2635 inclusi,
945 2555 1155 2642 expungenda
1178 2579 1246 2622 esse

262 2692 356 2735 nemo
388 2691 455 2735 non
488 2670 584 2734 videi
633 2670 730 2747 Quasi
764 2692 838 2735 vero
872 2671 922 2735 vel
956 2669 1043 2734 Aelii
1069 2670 1246 2756 Lampridii

263 2789 365 2852 aetate
388 2788 577 2864 nescierint,
601 2786 766 2851 scribendo
788 2787 896 2850 adesse
918 2786 995 2871 quid
1018 2787 1079 2850 sibi
1102 2786 1216 2851 velleii

306 2905 381 2972 Non
414 2907 520 2970 minus
554 2908 647 2989 iurpe
681 2905 836 2969 emblema
866 2904 985 2989 legiiur
1020 2906 1055 2969 in
1083 2905 1150 2969 ead.
1175 2903 1244 2969 Vii.

265 3028 325 3103 ll,
363 3025 400 3088 7:
447 3027 549 3086 Erant
583 3027 681 3086 amici
715 3025 851 3104 improbi
884 3031 915 3084 et
944 3043 1032 3084 senes
1060 3025 1192 3103 quidam
1215 3029 1245 3084 et

262 3147 362 3225 speeie
383 3143 561 3222 philosophi
582 3145 638 3222 qai
659 3149 757 3222 capot
772 3143 900 3210 reticulo
915 3148 1152 3220 componerent,
1176 3137 1245 3223 [qui

263 3254 395 3340 inproba
429 3253 581 3337 quaedam
614 3254 683 3337 paii
716 3274 749 3316 se
772 3253 944 3337 dicereni],
980 3259 1035 3336 qai
1059 3259 1191 3317 maritos
1214 3275 1246 3316 se

263 3375 375 3434 habere
409 3375 576 3432 iactarem.
614 3407 654 3416 —
689 3368 751 3434 Vr.
786 3375 841 3450 qui
875 3408 915 3417 -
939 3374 1097 3448 dicerent,
1131 3370 1245 3455 quibus

264 3490 318 3570 qai
342 3521 378 3533 -
407 3488 566 3547 iactarem
589 3481 808 3578 explieaniur,
832 3484 915 3549 male
938 3506 955 3547 e
977 3485 1122 3568 margine
1146 3484 1246 3569 irrep-

264 3604 383 3667 sernni.

308 3719 341 3784 O.
379 3721 439 3797 29,
476 3719 513 3782 3:
560 3720 680 3782 Habuit
714 3727 744 3782 et
777 3723 861 3783 heae
895 3723 1174 3799 consuetudinem,
1209 3729 1247 3784 at

263 3846 329 3900 octo
362 3840 464 3900 coleos
496 3845 623 3918 reparet
648 3840 691 3899 od
714 3858 827 3900 cenam
850 3846 880 3900 ei
903 3842 981 3900 item
1005 3845 1070 3901 oete
1093 3840 1193 3902 luseoa
1216 3847 1247 3901 et

263 3960 341 4017 item
363 3964 428 4017 octo
448 3957 654 4036 podoprosoe,
689 3963 755 4018 octo
778 3958 907 4030 sardos,
943 3963 1009 4017 octo
1031 3961 1156 4037 ni9r08,
1180 3964 1246 4018 octo

264 4076 368 4155 loripes
401 4081 432 4134 et
465 4081 530 4135 octo
561 4077 707 4154 pinques.
734 4109 775 4122 -
798 4070 839 4136 V.
863 4077 971 4153 nipros
993 4092 1059 4136 non
1081 4071 1245 4136 ferendum

263 4189 294 4252 h.
319 4187 339 4251 l.
365 4185 500 4252 videtur.
547 4185 667 4271 Agitur
689 4188 775 4252 enim
799 4187 836 4251 de
859 4187 1040 4252 hominibus
1062 4187 1118 4271 qni
1141 4185 1247 4271 aliquo

265 4304 401 4388 eorporis
435 4302 515 4366 vitio
541 4304 696 4392 notabiles
718 4308 818 4370 erant.
866 4304 985 4380 Quidni
1008 4304 1247 4388 imperaiorem,
