3190 5114
826 461 867 526 30

355 669 489 734 videtur.
536 666 584 733 De
619 669 811 734 correctione
844 669 952 731 tamen
985 667 1183 752 aliquantum
1214 668 1332 733 dubito.

355 787 501 852 Fortasse
536 787 571 851 in·
605 791 808 877 quamanimi
830 785 910 849 latet
931 770 1200 872 quaminunisini,
1231 787 1337 849 itaut

355 904 431 969 olim
454 903 608 986 seriptum
630 903 728 967 fuerit
751 925 848 989 quam
870 909 978 968 inanis
1001 909 1081 968 maii
1104 908 1284 970 consolatio.
1357 969 1359 974 ,

342 1002 344 1011 ¹
401 1019 434 1084 Ο.
474 1021 533 1084 45:
551 1099 554 1106 Ι
571 995 730 1084 Relibtum
770 1031 814 1084 est
853 1024 901 1084 ilii
937 1025 1117 1085 sestertium
1156 1024 1335 1096 tricenties,

354 1141 484 1201 decessit
506 1139 592 1200 illius
612 1147 707 1220 pater
729 1142 821 1202 maie.
847 1148 885 1201 ut
899 1144 1134 1224 quadrinpenta
1150 1141 1335 1220 impendat,

354 1276 420 1318 non
454 1259 568 1318 sentiet
599 1261 837 1337 patrimonium
872 1259 968 1320 iliius.
996 1294 1034 1304 -
1061 1253 1121 1320 (tui
1155 1247 1346 1320 sestertium

354 1369 519 1434 tricenties
553 1369 700 1434 relietum
734 1372 799 1450 est,
835 1371 902 1434 eius
935 1375 1025 1456 pater
1055 1377 1120 1437 non
1142 1370 1335 1436 mehercules
1373 1393 1382 1412 ·

356 1489 440 1550 male
469 1485 638 1551 decessisse
663 1486 727 1551 dici
749 1490 872 1572 potest,
909 1489 954 1564 si,
988 1491 1025 1553 ut
1047 1489 1105 1554 hoe
1128 1489 1212 1567 loeo,
1243 1489 1336 1553 unice

355 1601 402 1694 rei
423 1601 589 1666 familiaris
612 1603 695 1667 ratio
718 1601 860 1667 habetur.
898 1601 1091 1668 Buechelero
1113 1607 1197 1667 male
1219 1603 1337 1667 levitur

355 1718 487 1782 excitati
509 1716 625 1783 doloris
648 1739 709 1783 vox
732 1718 867 1782 videtur.
898 1717 981 1782 Mihi
1003 1723 1133 1783 decessit
1156 1720 1336 1803 suspectum

355 1835 412 1897 est.
459 1831 554 1896 Haud
586 1833 694 1916 inepte
725 1833 862 1899 conicias
885 1839 1008 1912 decooit
1031 1839 1118 1899 illius
1138 1845 1233 1916 pater
1254 1837 1338 1898 male

356 1947 376 2009 i.
402 1968 429 2010 e.
465 1947 511 2010 ita
541 1948 578 2010 ut
601 1947 668 2030 ipse
691 1947 778 2013 dives
801 1949 891 2012 fieret
915 1948 1105 2014 creditorum
1128 1949 1335 2015 incommodo.

253 2057 256 2065 ’
356 2063 402 2127 Of.
429 2084 454 2126 e.
480 2065 540 2127 38:
588 2065 777 2127 Sestertium
808 2087 904 2128 suum
932 2069 1013 2128 uidit
1035 2069 1152 2143 decies,
1176 2070 1230 2129 sed
1253 2069 1337 2129 male

355 2183 525 2244 vaculauit.
957 2262 960 2268 Ι

400 2297 433 2362 0.
474 2299 536 2361 52:
596 2272 741 2361 Ceterum
779 2301 932 2361 laudatus
975 2303 1164 2362 Trimalchio
1200 2301 1337 2361 hilarius

354 2417 429 2477 bibit
464 2422 493 2476 et
528 2417 595 2475 iam
627 2415 710 2474 ebrio
739 2418 909 2493 praeimus
934 2413 1047 2489 ,nemo’
1071 2419 1176 2498 inquit
1198 2422 1267 2477 cett.
1293 2447 1336 2460 -

354 2527 536 2593 Sententiae
571 2527 802 2591 accomodatius
836 2530 902 2605 est,
938 2529 965 2590 si
1000 2533 1122 2610 turpius
1147 2529 1335 2605 correxerim
1452 2553 1456 2564 ·

353 2650 490 2710 hilarius
513 2667 552 2710 ex
575 2649 749 2727 hioiarpius
772 2649 876 2710 ortum
900 2643 1035 2710 videtur.

399 2763 432 2828 O.
458 2766 517 2829 57:
565 2767 637 2827 Non
660 2767 852 2828 mehercules
876 2768 954 2827 soleo
977 2769 1037 2827 cito
1060 2768 1199 2844 seruere,
1224 2769 1335 2829 sedin

354 2886 442 2946 molli
463 2905 560 2946 carne
583 2904 703 2946 uermes
726 2891 915 2946 nascuntur.
942 2875 984 2930 -'
1004 2879 1142 2947 Omnino
1165 2883 1335 2947 emendan-

354 3000 429 3064 dum
452 3004 487 3062 in
511 3001 599 3060 molli
622 3020 719 3061 caseo.
767 2997 809 3061 Of
828 3020 853 3062 e.
880 3000 921 3062 66
945 2999 966 3061 f.

398 3115 431 3180 O.
465 3115 536 3179 60.·
567 3117 681 3178 Omnes
717 3119 804 3177 enim
835 3117 1002 3196 placentae
1035 3121 1207 3200 omniaque
1237 3135 1335 3197 poma

353 3236 452 3294 etiam
475 3236 616 3294 minima
638 3236 806 3294 venatione
823 3240 969 3294 contacta
985 3241 1155 3312 coeperunt
1171 3236 1336 3314 effundere

353 3369 496 3423 mecum,
519 3355 549 3409 et
572 3367 670 3432 usque
696 3350 739 3408 ad
763 3367 794 3410 os
817 3349 966 3410 molestus
989 3352 1104 3411 humor
1126 3352 1276 3412 accidere.
1293 3383 1336 3396 -·-

353 3458 387 3525 Si
409 3459 562 3524 librorum
584 3459 768 3523 auctoritati
791 3459 868 3524 fides
891 3460 1034 3525 habenda
1056 3464 1121 3539 est,
1144 3484 1251 3526 crocus
1274 3462 1335 3525 sei-

352 3575 429 3640 lieet
463 3577 611 3638 molestus
645 3574 757 3638 humor
791 3575 821 3638 h.
846 3574 867 3638 l.
899 3574 1025 3640 dicitur.
1073 3574 1172 3655 Vide,
1206 3599 1247 3641 an
1270 3598 1335 3641 non

354 3696 490 3756 coelestis
524 3713 599 3755 vera
632 3691 729 3756 leetio
763 3692 806 3754 sit
840 3691 910 3756 ooll.
936 3713 1016 3776 quae
1040 3696 1233 3778 sequuntur:
1269 3701 1336 3758 rati

260 3865 262 3870 .
354 3833 425 3893 erpo
460 3831 588 3874 sacrum
619 3831 683 3873 esse
702 3812 890 3890 peniculum
913 3817 982 3872 tarn
1005 3814 1149 3892 reiipioso
1171 3820 1335 3892 apparatu

351 3935 525 4012 perfusum
548 3929 622 3993 oett.

400 4043 433 4108 O.
459 4046 511 4108 62.
558 4047 653 4107 Forte
676 4045 824 4106 dominus
851 4043 995 4124 Capuam
1019 4047 1142 4107 exierat
1164 4049 1208 4108 ad
1225 4056 1334 4109 scruta

355 4167 434 4226 scita
467 4163 674 4242 enpedienda.
705 4193 747 4206 -
771 4155 916 4222 Annotat
946 4157 1172 4224 Buechelerus:
1208 4165 1337 4240 ‚Soruta

355 4283 434 4343 scita
468 4277 543 4340 eunt
575 4297 625 4339 res
663 4274 849 4358 quaelubet,
883 4274 1014 4339 inutiles
1048 4277 1163 4341 utiles'.
1222 4277 1332 4343 Potius

633 4477 643 4516 Ι
